1981 3334
612 215 700 253 SIL
715 216 771 254 ΓΛ
817 217 1156 256 MANJLJANA.
1605 224 1644 261 11

206 346 240 375 11
264 337 347 377 943
370 351 458 391 sqq.

322 424 425 464 hacc
457 430 533 464 tua
565 423 727 478 templa
761 424 904 464 ferunt
939 424 1062 466 Maia,
1094 425 1301 479 Cyllenio,
1334 436 1432 468 natt-

320 493 358 533 0
390 491 520 533 facies
550 493 722 547 signata
754 499 855 533 nota
889 493 1023 547 [quod
1055 508 1210 534 nomon
1245 502 1289 535 ct
1322 496 1403 550 ipsi

318 566 514 601 auctores
546 560 627 601 tibi
659 559 765 601 dant
796 561 920 614 artis]
953 577 1061 616 quae
1093 561 1211 604 ducit
1245 564 1489 619 Olympum.

204 664 273 691 uu.
304 652 387 692 944
416 657 460 692 et
493 653 576 693 945
614 665 688 705 pro
721 652 879 706 spuriis
915 652 1138 694 damnauit
1176 655 1399 696 Bentlcius
1432 657 1512 705 cui,
1540 659 1650 712 quod

115 717 291 773 quidem
315 718 367 760 ad
392 719 525 760 uerba
546 719 861 774 ‘quod—artis'
879 721 1051 770 attinet,
1069 737 1205 770 1161110,
1227 730 1344 777 puto,
1361 725 1652 779 refragabitur.

117 785 317 842 Cyllenii,
347 801 422 829 seu
452 789 591 829 mauis
623 788 738 829 Maia
759 789 863 838 nati,
886 804 1040 830 nomeu
1069 791 1182 845 apud
1213 791 1326 845 ipsos
1353 793 1584 847 astrologos
1611 794 1650 834 in

117 869 195 896 usu
223 870 316 897 esse
339 856 480 898 nescio
502 857 598 912 quis
625 857 832 899 futtilitcr
859 858 1096 914 adscripsit.
1154 859 1206 900 de
1229 860 1383 901 ceteris
1406 861 1652 903 uidendum.

115 938 229 980 quae
257 924 293 966 si
326 924 486 966 adficta
521 933 635 975 sunt,
668 926 846 967 cuculus
883 926 968 974 1116,
1005 934 1053 968 ut
1091 928 1220 969 uerbo
1257 935 1355 970 utar
1388 929 1654 979 Bentleiano,

115 992 161 1034 in
201 993 355 1043 cuculi,
397 994 511 1049 quod
555 995 732 1043 mireris,
768 995 918 1036 nidum
962 1012 1043 1037 oua
1080 998 1292 1052 deposuit.
1355 1013 1442 1039 rem
1479 998 1530 1039 de
1568 1014 1653 1054 qua

115 1062 310 1118 loquitur
343 1063 524 1118 scriptor
552 1078 688 1119 aeque
716 1064 820 1105 mihi
850 1070 980 1120 atque
1012 1065 1108 1106 aliis
1142 1066 1332 1121 ignotam
1367 1082 1456 1108 esse
1493 1069 1654 1119 fatcor3

115 1132 250 1174 uerba
270 1132 556 1187 interpretor;
585 1148 695 1188 quae
722 1133 799 1175 hoc
829 1134 912 1174 sibi
944 1134 1124 1176 uolunt:
1156 1140 1164 1154 ‘
1183 1136 1347 1190 templa
1379 1136 1578 1177 Mercurii
1606 1152 1655 1178 ea

115 1201 276 1251 littera,
316 1201 479 1244 scilicet
522 1202 568 1251 O,
609 1208 760 1244 notata
801 1210 914 1252 sunt,
951 1219 1061 1258 quae
1098 1203 1140 1244 in
1181 1204 1360 1259 Olympo
1394 1206 1531 1259 prima
1568 1205 1655 1247 est.’

116 1277 126 1292 ‘
140 1271 309 1327 signata
324 1271 332 1285 '
354 1287 429 1327 pro
451 1277 459 1292 ‘
474 1273 645 1328 signata
666 1279 724 1315 est
740 1273 748 1287 '
769 1274 1079 1328 accipiendum,
1102 1274 1185 1315 nisi
1208 1276 1315 1315 forte
1340 1275 1538 1316 maluerit
1559 1276 1655 1330 quis

103 1339 271 1396 facien!
290 1341 494 1384 conicere.

203 1443 257 1474 111
281 1432 362 1475 537
385 1448 473 1489 sqq.

230 1525 332 1561 sunt
361 1519 520 1575 quibus
551 1525 595 1561 et
628 1520 733 1561 caeli
765 1520 933 1575 placeat
964 1521 1179 1562 nascentis
1209 1521 1264 1562 ab
1296 1522 1424 1563 borae

232 1588 370 1630 sidere
401 1603 530 1643 quem
563 1595 805 1630 memorant
837 1589 1098 1645 horoscopon
1131 1590 1393 1640 inuenturos,

231 1662 351 1711 parte
383 1655 500 1712 quod
531 1671 583 1698 ex
614 1656 690 1698 illa
719 1656 970 1698 discribitur
1001 1657 1106 1698 hora
1137 1657 1300 1707 diebus,

232 1739 358 1766 omne
388 1739 526 1781 genus
557 1725 736 1766 rationis
768 1726 837 1781 agi
868 1741 945 1781 per
976 1732 1172 1780 tempora
1204 1733 1247 1768 et
1278 1732 1402 1768 astra.

203 1824 242 1851 u.
271 1811 354 1851 538
382 1809 578 1864 spurium
607 1824 698 1851 esse
725 1810 950 1852 Bentleius
983 1811 1080 1852 aliis
1112 1826 1282 1866 quoque
1316 1813 1550 1866 persuasit13
1579 1813 1653 1854 sed

115 1894 170 1920 ne
192 1884 466 1934 praepostera
487 1894 552 1920 res
575 1879 662 1930 fiat,
683 1879 802 1934 prius
831 1879 1126 1921 emendandus
1153 1886 1283 1936 atque
1306 1881 1654 1936 interpretandus

115 1954 182 1990 est
204 1962 352 1989 uersus
374 1962 503 2003 quarn
525 1947 579 1989 de
600 1954 774 1989 auctore
797 1948 889 1989 eius
911 1947 1201 1990 iudicandum.
1254 1949 1410 1991 scribe:

261 2031 398 2073 sidere
430 2046 560 2087 quem
591 2038 833 2073 memorant
866 2032 1127 2087 horoscopon
1159 2042 1458 2074 INVENTORES.

203 2118 289 2159 iam
311 2133 350 2159 u.
375 2120 457 2160 539
480 2118 590 2159 nihil
612 2118 730 2159 aliud
752 2132 882 2173 quam
903 2118 964 2159 rei
993 2118 1037 2158 in
1066 2118 1204 2172 priore
1236 2132 1362 2159 uersu
1392 2125 1653 2160 memoratae

115 2201 289 2229 causam
305 2186 456 2228 adfert.
504 2187 651 2242 itaque
669 2187 839 2242 spurius
855 2192 931 2228 aut
949 2192 1102 2227 neuter
1122 2193 1199 2227 aut
1221 2186 1430 2241 uterque¹.
1484 2202 1592 2242 quae
1610 2187 1653 2227 in

116 2256 255 2312 priore
276 2254 557 2310 reprehendit
579 2255 816 2305 Bentleius,
837 2260 915 2296 aut
944 2255 1176 2295 infirmiora
1201 2260 1303 2295 sunt
1324 2253 1653 2307 (σπονδειάζον-

117 2342 197 2371 τας
222 2325 338 2367 6111111
365 2324 470 2366 alibi
497 2339 667 2380 quoque
691 2324 897 2365 Manilius
922 2323 1101 2365 adhibet
1126 2323 1237 2365 sicut
1258 2323 1302 2364 111
1330 2335 1345 2364 1
1369 2326 1463 2372 382,
1488 2335 1517 2364 V
1541 2326 1655 2373 412),

116 2399 195 2436 aut
214 2393 259 2435 in
282 2392 562 2435 emendatum
584 2407 757 2434 uersum
776 2407 861 2433 non
883 2393 1053 2434 cadunt.
1111 2407 1247 2433 unum
1270 2406 1337 2433 me
1360 2399 1517 2439 mouet,
1541 2392 1654 2448 quod

116 2477 244 2505 nemo
279 2462 350 2504 uel
379 2462 508 2503 fando
534 2461 721 2503 audierit
753 2461 872 2503 sidus
896 2461 1046 2511 horae3
1083 2460 1196 2516 quod
1225 2468 1526 2516 argumentum
1557 2467 1650 2502 tum

117 2531 293 2574 demum
319 2530 427 2572 dilui
455 2544 578 2586 posse
607 2529 840 2577 uidebitur,
862 2544 959 2570 cum
989 2529 1116 2571 leorae
1141 2529 1237 2584 quis
1265 2529 1325 2570 ita
1356 2528 1654 2570 emendauerit

119 2606 168 2642 ut
207 2615 305 2642 cum
344 2601 482 2643 sidere
521 2614 754 2655 congruere
795 2599 939 2654 possit.
1002 2599 1079 2640 hoc
1121 2598 1314 2639 futurum
1350 2613 1452 2639 sane
1494 2597 1649 2639 diffido.

118 2669 296 2725 expulso
319 2668 418 2710 hinc
440 2675 623 2724 utroque
649 2668 753 2723 quid
781 2683 856 2723 pro
878 2668 1004 2709 horae
1024 2667 1148 2708 scribi
1171 2666 1369 2708 debuerit
1392 2666 1505 2707 haud
1529 2666 1650 2707 facile

117 2739 353 2782 diiudicare
381 2745 470 2781 est:
502 2744 547 2781 et
575 2738 883 2779 Bentleianum
917 2743 1011 2779 ortu
1042 2742 1086 2778 et
1112 2737 1366 2777 Ellisianum
1395 2750 1464 2777 ore
1492 2735 1653 2776 habent

117 2823 202 2864 quo
222 2807 590 2850 commendentur.

451 2903 462 2923 ¹
486 2903 551 2934 hoc
573 2903 643 2934 iam
668 2901 768 2933 uideo
791 2911 810 2932 a
834 2901 987 2932 Breitero
1011 2899 1214 2931 adnotatum
1239 2908 1324 2930 esse.
