1966 3329
296 234 346 270 3&
792 232 847 271 Sl
849 234 880 270 L
893 233 950 271 VA
993 232 1038 269 M
1044 233 1069 268 A
1079 232 1123 269 N
1123 232 1147 269 I
1148 232 1208 268 LI
1210 232 1237 268 A
1248 231 1318 268 NA
1330 263 1335 270 .

294 354 442 397 fontis'
465 355 726 410 Propertius,
747 356 953 410 ‘seposita
973 355 1095 412 gens'
1114 354 1325 396 Martialis
1347 354 1422 410 qui
1439 354 1597 396 dicitur
1615 354 1656 395 in
1675 358 1837 408 specta-

295 424 486 465 culorum
518 424 674 466 libello.
747 424 799 465 ad
829 425 1092 466 sententiam
1122 424 1381 465 conferenda
1406 430 1508 465 sunt
1535 438 1646 479 quae
1675 423 1728 464 de
1758 422 1839 463 hac

294 492 388 547 ipsa
415 508 458 533 re
485 492 691 534 Manilius
720 492 828 533 libro
850 504 880 532 V
903 508 972 534 uu.
998 495 1079 534 533
1103 508 1192 548 sqq.
1216 493 1328 534 dixit
1358 498 1584 548 ‘quaerere
1613 492 1693 533 sub
1714 491 1840 533 terris

294 576 445 603 aurum
470 562 670 617 furtoque
700 562 896 604 latentem
922 560 926 617 Ι
956 568 1157 603 naturam
1185 562 1331 604 rimari
1361 562 1595 617 orbemque
1622 561 1839 602 inuertere

293 630 476 685 praedae
503 629 508 684 Ι
536 630 721 685 imperat
738 636 782 671 et
798 630 972 685 glaebas
989 631 1104 672 inter
1120 630 1374 686 deprendere
1391 632 1568 686 queam!
1621 630 1743 671 cuius
1760 628 1840 670 loci

294 699 498 754 quoniam
522 699 654 740 incidi
676 699 721 739 in
742 699 1022 748 mentionem,
1046 700 1153 741 libet
1175 700 1416 742 adscribere
1444 715 1582 755 pauca
1603 700 1656 741 de
1677 698 1840 754 signifi-

294 769 463 810 catione
504 769 661 810 rariore
705 770 904 811 uocabuli
939 770 1132 825 praedae
1172 785 1283 825 quae
1325 770 1439 811 uiros
1481 771 1627 811 doctos
1663 768 1841 824 aliquos,

293 838 546 893 praesertim
569 852 638 879 eos
661 838 735 893 qui
766 838 903 879 lexica
924 839 1210 889 conscribunt,
1232 840 1406 881 uidetur
1428 840 1637 881 fefellisse.
1699 851 1840 892 neque

294 906 410 948 enim
442 922 613 962 semper
643 907 696 949 de
728 913 852 963 rapto
883 908 1053 958 dicitur,
1085 908 1306 950 interdum
1339 909 1471 950 etiam
1503 908 1556 950 de
1587 907 1738 963 rapina
1768 905 1840 947 uel

293 982 476 1032 raptore,
512 983 562 1018 ut
603 978 690 1019 fere
731 977 846 1019 idem
884 993 932 1019 ac
974 978 1319 1033 ‘praedationem
1335 978 1343 992 '
1385 978 1454 1019 uel
1495 976 1815 1033 ‘praedatorem
1831 976 1839 991 ’

292 1045 518 1101 significet.
578 1046 637 1087 sic
660 1045 888 1088 Lucretius
910 1062 1007 1088 cum
1038 1047 1091 1088 de
1120 1047 1274 1088 auibus
1301 1062 1425 1088 uoces
1447 1046 1588 1088 uarias
1611 1044 1840 1087 edentibus

293 1114 463 1169 scripsit
485 1116 534 1168 (V
559 1116 690 1168 1082)
718 1119 785 1156 ‘et
813 1130 944 1170 quom
974 1115 1026 1157 de
1057 1115 1177 1157 uictu
1201 1122 1370 1157 certant
1395 1115 1670 1171 praedaeque
1692 1115 1840 1168 (prae-

291 1183 479 1238 dataque
501 1185 602 1236 MSS)
625 1184 891 1239 repugnant‚’
914 1200 1155 1240 repugnare
1177 1200 1280 1226 aues
1305 1184 1503 1239 praedari
1524 1199 1567 1225 se
1590 1182 1841 1225 uolentibus

291 1252 433 1294 uoluit
454 1252 670 1308 intellegi3
691 1252 840 1307 itaque
863 1253 975 1294 male
998 1253 1073 1294 alii
1094 1253 1256 1294 hiantis
1278 1254 1396 1294 illius
1417 1253 1536 1294 corui
1553 1253 1841 1302 immemores,

277 1342 282 1353 ι
286 1322 477 1376 praedae
491 1321 543 1362 de
557 1320 748 1376 piscibus
763 1336 870 1376 quos
885 1322 1060 1376 rapiunt
1073 1337 1176 1363 aues
1191 1323 1467 1378 intellegunt,
1481 1322 1554 1362 alii
1568 1321 1692 1377 peius
1706 1320 1839 1362 etiam

285 1390 456 1445 praeda
476 1389 719 1431 inferciunt.
781 1404 921 1445 neque
938 1391 1102 1445 praedo
1124 1391 1421 1432 obtrudendus
1444 1397 1508 1432 est
1531 1390 1768 1432 Claudiano
1791 1389 1841 1431 de

292 1457 396 1500 bello
417 1457 635 1499 Gildouioo
660 1460 713 1500 68
736 1472 795 1513 sq.
815 1463 823 1477 ‘
837 1458 871 1498 si
890 1458 993 1513 quid
1017 1459 1194 1500 fortasse
1216 1460 1386 1514 potenti
1414 1458 1418 1515 Ι
1449 1460 1519 1501 uel
1540 1459 1679 1514 pudor
1700 1464 1840 1500 extor-

292 1527 349 1568 sit
370 1527 545 1568 domino
567 1526 637 1568 uel
663 1526 833 1581 praeda
854 1527 1052 1582 reliquit'
1075 1530 1179 1583 (quo
1203 1528 1328 1569 modo
1351 1528 1466 1569 enim
1490 1528 1648 1582 praedo
1670 1527 1840 1583 potenti

293 1594 479 1645 domino,
501 1595 580 1636 hoc
603 1600 667 1636 est
690 1594 818 1636 Gildo
849 1595 1036 1645 Gildoni,
1058 1596 1298 1651 relinquere
1327 1596 1491 1652 aliquid
1524 1596 1737 1649 dicatur2)
1765 1595 1839 1636 sed

286 1664 457 1720 praeda
479 1664 818 1719 interpretanda,
841 1670 1002 1719 aperte,
1023 1666 1224 1720 quamuis
1247 1665 1424 1706 fortasse
1446 1665 1705 1716 duriuscule,
1722 1664 1839 1706 dicta

292 1734 351 1776 ‘si
381 1734 485 1789 quid
514 1739 732 1775 extortum
761 1744 826 1775 est
855 1734 1010 1789 pudori
1039 1734 1237 1776 Gildonis
1266 1735 1337 1775 uel
1367 1750 1390 1776 a
1419 1734 1572 1790 rapina
1600 1734 1692 1776 eius
1717 1734 1840 1775 relic-

293 1803 413 1845 tum.’
488 1818 629 1858 neque
657 1803 844 1844 multum
868 1803 1039 1844 abludit
1061 1803 1175 1858 quod
1198 1803 1310 1844 dixit
1331 1804 1532 1845 Tibullus
1555 1805 1590 1846 2.
1615 1806 1650 1845 3.
1677 1805 1729 1844 35
1749 1817 1838 1858 sqq.

293 1874 453 1914 ‘ferrea
488 1888 574 1914 non
610 1873 824 1914 Venerem
858 1873 932 1914 sed
973 1874 1176 1928 praedam
1213 1874 1382 1915 saecula
1418 1874 1616 1925 laudant3
1642 1873 1646 1930 Ι
1669 1873 1840 1929 praeda

293 1948 442 1984 tamen
464 1941 615 1983 multis
639 1946 704 1983 est
733 1948 911 1997 operata
940 1942 1075 1984 malis.
1103 1944 1109 1997 Ι
1131 1944 1301 1998 praeda
1330 1943 1440 1984 feras
1461 1943 1573 1985 acies
1595 1943 1733 1985 cinxit
1756 1943 1839 1984 dis·

294 2011 493 2053 cordibus
533 2011 665 2052 armis
687 2028 694 2052 :
727 2010 732 2067 Ι
759 2011 859 2052 hinc
904 2026 1037 2061 cruor,
1080 2012 1178 2053 hinc
1223 2012 1374 2053 caedes
1422 2027 1533 2053 mors
1580 2012 1839 2068 propiorque

295 2081 426 2123 venit.
454 2079 458 2137 Ι
481 2081 651 2136 praeda
687 2095 798 2136 uago
835 2081 961 2123 iussit
996 2082 1216 2137 geminare
1252 2083 1445 2138 pericula
1480 2088 1626 2138 ponto,
1651 2081 1656 2138 Ι
1685 2081 1840 2123 bellica

295 2165 394 2191 cum
416 2150 558 2191 dubiis
579 2156 717 2192 rostra
737 2150 861 2192 dedit
883 2151 1061 2193 ratibus.
1088 2150 1093 2207 Ι
1116 2151 1354 2206 praedator
1375 2151 1495 2206 cupit
1516 2151 1749 2191 immensos
1766 2149 1839 2191 ob-

294 2220 433 2262 sidere
459 2234 644 2275 campos,
674 2218 679 2274 Ι
707 2225 757 2260 ut
786 2220 925 2261 multa
946 2220 1175 2262 innumera
1195 2221 1345 2276 iugera
1365 2227 1512 2275 pascat
1535 2220 1638 2262 oue?
1665 2235 1765 2262 nam
1787 2219 1840 2261 de

295 2289 508 2345 spoliandi
537 2289 741 2343 cupidine
770 2289 910 2345 magis
939 2305 1069 2345 quam
1100 2290 1152 2332 de
1181 2291 1286 2345 ipsis
1311 2291 1457 2346 spoliis
1479 2290 1582 2332 facit
1602 2290 1839 2332 orationem

295 2363 435 2414 poeta.
500 2359 685 2414 spolium
726 2374 896 2415 quoque
938 2360 1048 2401 locos
1089 2360 1450 2415 perpensantibus
1494 2359 1705 2401 attentius
1750 2359 1838 2400 uim

295 2427 514 2469 interdum
555 2427 773 2469 uerbalem
811 2443 862 2469 ex
905 2429 1118 2470 scribendi
1158 2429 1374 2471 breuitate
1411 2429 1586 2470 uidetur
1624 2428 1839 2481 nancisci;

298 2508 333 2537 11
366 2499 421 2539 32
457 2496 655 2552 ‘ictuque
687 2512 842 2552 nepam
879 2497 1098 2553 spolioque
1130 2498 1295 2539 leonem
1324 2498 1329 2554 Ι
1358 2504 1402 2540 et
1439 2513 1581 2540 morsu
1614 2496 1840 2540 cancrum'

296 2566 466 2621 passiue
487 2570 554 2607 ‘eo
576 2566 689 2621 quod
711 2566 918 2621 spoliatus
940 2568 1028 2617 est’‚
1051 2578 1101 2609 IV
1124 2566 1205 2610 179
1230 2568 1386 2622 ‘spolio
1408 2567 1522 2609 uiuit
1543 2581 1834 2622 pecorumque

296 2635 501 2691 rapinis1.'

384 2721 434 2750 IV
457 2711 551 2751 298.

471 2792 600 2833 quam
632 2783 800 2832 partem
833 2778 988 2820 Graiae
1019 2778 1165 2820 dixere
1199 2779 1376 2821 decania
1405 2785 1568 2834 gentes.

363 2867 372 2887 ¹
399 2877 508 2907 neque
525 2867 663 2907 propria
679 2867 914 2899 Romanorum
931 2868 1015 2900 haec
1036 2869 1182 2908 locuti03
1206 2870 1322 2900 confer
1338 2868 1505 2900 Herodoti
1522 2871 1576 2908 ζῆν
1599 2870 1662 2901 ἀπὸ
1680 2871 1770 2908 ληίης
1787 2872 1840 2902 καὶ

298 2923 440 2960 πολέμου
459 2921 501 2961 (4.
522 2921 595 2961 103)
614 2923 647 2951 et
664 2921 829 2952 nostratis
848 2921 1032 2963 Shaksperi
1047 2924 1133 2962 spoil
1149 2924 1236 2954 Hen.
1254 2933 1274 2953 v
1290 2925 1319 2954 3.
1338 2924 1368 2954 3.
1388 2923 1439 2962 25,
1462 2924 1556 2954 Caes.
1575 2933 1605 2954 v.
1625 2925 1654 2955 3.
1673 2925 1703 2956 7.
