1981 3334
653 204 742 241 SIL
756 203 814 241 1⁷11
858 203 1100 241 MANJLIA
1111 205 1194 242 NA.
1643 207 1692 242 65

156 341 291 369 unum
332 325 488 382 potuit,
521 331 737 366 mortuum
775 330 1024 380 prosecutus
1060 325 1148 366 est?
1228 326 1286 367 sic
1327 326 1478 381 qualis,
1514 333 1693 381 quantus

155 395 269 451 apud
303 402 473 436 ueteres
503 392 698 448 usurpari
730 407 783 433 ne
816 392 1028 434 tironibus
1064 393 1236 448 quidem
1269 394 1465 450 ignotum
1502 401 1577 435 est.
1638 395 1692 436 ad

155 477 368 504 summam
399 461 502 502 haec
527 460 638 501 dieo:
669 474 879 514 nusquam
904 460 1140 501 audiendos
1168 476 1239 502 eos
1260 476 1350 502 esse
1375 462 1447 517 qui
1478 476 1529 503 ex
1553 468 1589 504 et
1617 477 1690 503 seu

154 546 264 587 quae
306 530 389 571 alia
424 529 665 584 corruptela
701 528 896 584 pluribus
933 529 1069 571 modis
1110 530 1224 571 nasci
1262 531 1486 585 potue1·it¹,
1516 531 1608 572 siue
1644 546 1693 573 ea·

154 601 247 642 siue
283 614 327 642 ec
362 599 452 640 siue
489 597 621 639 etiam
662 612 683 639 e
722 597 993 652 potissimum
1035 598 1186 640 elicere
1223 606 1454 650 conantum
1494 599 1546 640 ad
1584 599 1690 640 illud

154 683 288 711 unum
310 667 501 710 animum
525 665 837 707 attendendum
869 667 1080 723 numquid
1107 674 1225 709 amet
1253 668 1473 723 sequentis
1503 668 1690 723 syllabae

153 738 221 780 uel
245 735 443 779 uocabuli
465 735 652 786 initium,
674 736 718 777 in
746 751 830 792 quo
860 736 974 778 haud
1006 737 1180 779 inutilia
1207 738 1420 793 congessit
1443 738 1487 780 F.
1512 738 1691 788 Harder,

153 805 272 849 Neue
291 803 440 847 Jahrb.
465 805 588 853 1890,
612 819 650 859 p.
674 803 767 846 771.

196 928 207 949 ¹
231 928 267 960 in
285 929 363 960 haec
379 927 465 960 illud
481 939 515 960 ee
532 928 638 960 latere
656 938 755 969 posse
770 937 887 960 conce-

152 982 302 1016 dendum
319 985 391 1014 est:
416 982 617 1014 obuersatur
635 985 753 1014 tamen
770 982 887 1014 animo

153 1038 369 1080 Propertiani
381 1038 447 1071 loci
461 1038 575 1078 imago
591 1038 648 1070 ubi
662 1040 744 1070 Eois
758 1038 792 1069 in
808 1039 886 1069 haec

151 1093 244 1126 choi⁸
266 1096 300 1125 et
322 1093 359 1124 in
382 1098 413 1125 et
437 1094 527 1125 chois
551 1096 577 1134 (1
601 1094 650 1125 15.
670 1095 703 1133 7)
720 1093 887 1125 discessit.

152 1150 242 1180 certe
264 1149 354 1187 haec,
380 1153 412 1179 et
436 1148 566 1188 passim
588 1148 678 1180 inter
701 1157 736 1180 se
759 1147 889 1179 librarii

151 1201 309 1236 miscent.
357 1203 464 1235 etiam
493 1213 554 1244 pro
585 1214 626 1235 ea:
655 1207 689 1236 et
720 1209 751 1235 et
782 1202 886 1235 inter-

276 2956 306 2984 P.
329 2956 368 2985 M.

956 929 1039 960 dum
1062 939 1097 960 ec
1121 928 1286 970 seriptum
1315 928 1514 960 inuenimus
1538 933 1576 961 ut
1599 930 1690 970 apud

957 983 1133 1016 Grattium
1165 985 1228 1015 229
1257 983 1422 1020 ‘eecitatJ
1449 986 1483 1016 et
1514 984 1549 1016 in
1580 986 1690 1017 nostri

956 1039 1031 1070 loco
1047 1048 1080 1069 tv
1096 1040 1160 1070 453
1176 1048 1238 1078 pro
1255 1043 1262 1055 ⁴
1275 1043 1305 1069 et
1322 1040 1415 1069 tum'
1434 1039 1691 1071 Gemblaeensis

958 1098 1009 1126 ‘ec
1026 1094 1119 1126 tum’
1138 1092 1252 1125 habet.
1303 1095 1441 1125 tantum
1460 1104 1560 1126 casus
1581 1094 1618 1125 in
1634 1093 1690 1125 his

957 1148 1118 1180 omnibus
1140 1148 1256 1189 pollet.

1568 2933 1590 2967 υἱ
