1981 3334
584 219 641 256 Sl
644 219 672 255 L
688 218 743 256 ΓΛ
791 219 835 255 M
836 219 864 255 A
875 218 940 255 XI
943 219 970 255 L
979 219 1001 255 I
1003 220 1030 255 A
1041 220 1109 256 ΝΛ
1120 251 1126 257 .
1574 225 1585 260 1
1597 225 1618 257 5

175 357 224 387 IV
248 346 329 388 579
353 360 440 401 sqq.

203 436 364 478 scilicet
396 436 439 476 in
473 435 632 491 piscem
666 449 757 475 sese
791 434 1009 488 Cytherea
1041 434 1231 482 nouauit,

205 520 301 547 cum
336 504 643 559 Babyloniacas
674 518 912 544 summersa
945 503 1133 558 profugit
1165 503 1207 543 in
1243 503 1377 543 undas

206 573 493 630 anguipedem
526 573 662 614 alatos
694 588 862 614 umeros
896 573 1105 628 Typhona
1136 574 1355 613 serentem.

178 680 348 707 uersum
388 669 483 715 581,
518 665 600 706 nisi
641 665 766 706 aliter
808 665 1038 706 iudicasset
1076 665 1309 713 Bentlcius,
1346 664 1625 704 Manilianum

90 736 283 791 uigorem
300 735 472 790 spirare,
491 741 539 776 ut
556 749 684 790 quem
704 735 902 780 maxime.
922 734 1135 775 dixissem.
1182 734 1234 774 de
1258 734 1360 774 falso
1379 733 1627 773 barbarismi

90 805 269 848 crimine
291 805 375 846 iam
400 804 512 846 dixit
534 804 718 846 Ellisius.
782 804 860 845 hoc
885 809 1055 845 tantum
1079 803 1199 851 addo,
1222 818 1303 843 non
1335 801 1630 856 coniungenda

91 889 181 917 esse
214 873 348 916 uerba
367 879 376 894 ‘
395 873 586 929 profugit
613 873 823 928 Typhona
850 872 894 913 in
924 872 1107 922 undas'3
1138 871 1211 912 sed
1249 871 1319 911 ‘iu
1351 870 1485 912 undas
1516 885 1630 911 sum·

92 943 255 992 mersa,'
296 957 371 984 seu
413 942 524 997 quod
567 942 684 983 aliud
736 941 1012 997 participium
1054 956 1129 996 pro
1180 940 1458 982 ‘summersa’
1510 938 1631 980 malis

92 1013 246 1070 legere,
282 1021 327 1054 et
360 1012 573 1068 ‘profugit
610 1011 842 1066 Typhon&
881 1018 1114 1066 utrumque
1152 1011 1242 1051 sine
1277 1009 1516 1050 offensione.
1578 1009 1631 1049 de

93 1081 209 1124 alato
249 1081 458 1136 Typhone
494 1086 590 1135 post
626 1079 906 1121 Kuhnertum
950 1079 1012 1132 (in
1054 1079 1181 1121 lexico
1213 1078 1494 1120 Ros-cheriano
1530 1092 1559 1118 S.
1594 1092 1633 1118 u.

91 1151 305 1206 yiyantes)
326 1156 370 1191 et
393 1149 591 1190 Ellisium
615 1149 723 1190 nihil
747 1164 853 1204 opus
875 1154 938 1190 est
961 1148 1111 1189 dicere.
1163 1148 1268 1189 mire
1292 1162 1392 1188 sane
1411 1146 1633 1187 Bentleius

92 1219 293 1261 “frustra
328 1219 442 1260 enim
486 1225 654 1259 montes
692 1218 911 1259 montibus
947 1217 1343 1273 imposuissent...si
1382 1222 1498 1257 recta
1534 1215 1633 1255 illuc

93 1289 261 1331 evolare
292 1288 568 1344 potuissent,''
599 1287 651 1328 ad
682 1287 887 1328 historiae
927 1301 1117 1327 normam
1155 1286 1331 1327 fabellas
1367 1291 1634 1340 portentosas

94 1371 310 1399 reuocans.
368 1371 504 1397 unum
527 1363 592 1398 est
622 1357 734 1412 quod
763 1356 1011 1411 scrupulum
1043 1355 1149 1396 mihi
1174 1355 1337 1403 iniciat,
1365 1355 1541 1395 fortasse
1569 1353 1632 1394 in-

93 1426 214 1474 iuria,
245 1425 455 1482 ferentem
495 1440 571 1480 pro
612 1425 913 1466 ‘inferentem’
956 1424 1133 1465 dictum.
1196 1423 1430 1464 uidendum
1474 1428 1538 1463 est
1578 1436 1632 1462 ne

84 1495 282 1552 ferentes
301 1495 518 1550 scripserit
543 1494 758 1536 Manilius.

187 1603 237 1634 IV
260 1591 344 1634 873
366 1607 455 1648 sqq.

187 1699 361 1726 uersum
385 1686 467 1725 882

215 1777 382 1824 quanta
413 1775 457 1810 et
487 1783 585 1824 pars
618 1775 813 1824 superest
845 1769 1055 1809 rationem
1088 1767 1248 1809 discere
1281 1767 1416 1808 noctis

99 1860 294 1902 alienum
317 1860 386 1901 hie
408 1874 498 1901 esse
520 1866 747 1901 senserunt
774 1865 817 1900 et
841 1859 1033 1914 Scaliger
1054 1864 1098 1899 et
1124 1858 1359 1907 Bentleius‚
1381 1872 1428 1898 ac
1451 1856 1640 1911 Scaliger

103 1929 280 1985 quidem
317 1944 416 1970 eum
454 1935 552 1984 post
593 1928 675 1970 876
718 1928 921 1983 reposuit,
962 1933 982 1947 “
1000 1943 1107 1976 eam,
1144 1927 1302 1982 opinor,
1345 1926 1397 1967 ob
1434 1924 1639 1973 causam,’'

101 2004 152 2040 ut
196 1998 422 2039 Bentleius
463 1997 525 2039 ait
569 1997 705 2052 “quia
747 1997 856 2038 nihil
898 2003 1002 2045 erat,
1044 2011 1128 2051 quo
1165 1996 1308 2037 referri
1351 2001 1493 2050 posset
1534 1993 1639 2034 illud

104 2067 346 2110 descendere
361 2067 381 2081 ''
409 2067 468 2120 (u.
503 2067 623 2120 877);
661 2072 707 2107 at
743 2066 834 2121 ipse
867 2065 1092 2106 Bentleius
1118 2071 1166 2105 ut
1193 2063 1434 2106 descendere
1460 2069 1503 2104 et
1531 2076 1640 2117 quae

103 2143 310 2178 secuntur
330 2135 625 2176 laborantibus
653 2140 886 2184 succurrat,
907 2148 982 2189 pro
1005 2139 1042 2175 et
1064 2147 1242 2174 munera
1263 2132 1368 2174 caeli
1388 2147 1428 2173 u.
1451 2130 1532 2172 876
1556 2136 1564 2150 ‘
1581 2136 1642 2172 est

105 2220 280 2247 munere
311 2204 417 2246 caeli
433 2205 440 2218 '
472 2204 589 2258 legit,
618 2210 764 2245 nostro
794 2218 896 2244 uero
925 2203 978 2244 de
1008 2217 1133 2243 uersu
1167 2201 1226 2243 sic
1256 2201 1442 2242 iudicat:
1473 2205 1493 2220 “
1511 2199 1642 2254 irrep-

105 2274 231 2316 titius
257 2279 302 2316 et
329 2274 516 2314 insulsus
545 2279 611 2315 est
642 2279 686 2314 et
707 2273 851 2314 neutri
874 2273 964 2313 loco
987 2271 1199 2313 conuenit.
1261 2269 1447 2312 Difficile
1480 2283 1577 2310 vero
1599 2275 1643 2310 ct

108 2341 255 2397 magni
284 2341 540 2390 faciendum,
566 2341 697 2383 noctis
724 2341 933 2382 rationem
961 2340 1141 2390 discere3
1175 2354 1304 2394 quam
1335 2338 1401 2379 vel
1432 2337 1473 2378 in
1507 2337 1643 2392 primo

105 2411 218 2453 libro
238 2412 403 2452 Auctor
427 2410 665 2452 docuerat.”
726 2410 857 2452 noctis
886 2409 1014 2459 illius,
1036 2415 1086 2449 ut
1115 2408 1246 2457 uides,
1270 2406 1483 2455 taedebat,
1504 2420 1643 2460 neque

108 2480 350 2531 immerit03
390 2495 518 2535 quam
561 2479 636 2535 qui
678 2485 773 2534 post
809 2479 932 2519 illum
971 2477 1247 2533 interpretari
1285 2476 1448 2524 uolunt,
1483 2475 1535 2516 de
1569 2489 1645 2515 suo

108 2564 257 2591 omnes
285 2548 449 2604 aliquid
478 2548 733 2603 largiuntur,
754 2547 878 2589 uelut
910 2547 1085 2588 Ellisius
1107 2552 1150 2587 et
1173 2551 1181 2566 ‘
1200 2545 1336 2587 noctis
1357 2550 1393 2586 et
1413 2543 1599 2586 siderum
1614 2542 1622 2556 '
1640 2558 1648 2583 :

111 2632 224 2660 unus
245 2617 359 2673 quod
380 2617 511 2659 sciam
534 2617 755 2658 Breiterus
777 2617 821 2656 in
847 2615 1003 2656 malam
1034 2629 1123 2656 rem
1152 2614 1269 2655 abire
1297 2613 1417 2654 iubet
1445 2618 1489 2654 et
1517 2612 1647 2653 nostis

111 2685 389 2728 coniectando
406 2692 647 2727 structurae
665 2699 835 2740 quoque
852 2684 1083 2725 dissolutae
1101 2682 1330 2724 subuenire
1353 2687 1529 2722 conatur
1545 2695 1552 2728 ;
1573 2679 1647 2721 sed

113 2769 224 2811 quae
265 2755 530 2810 excogitauit
570 2755 780 2796 rationem
820 2753 969 2796 ducere
1004 2752 1135 2794 nostis
1167 2751 1319 2793 ceteris
1355 2765 1437 2791 non
1480 2749 1561 2790 nisi
1604 2748 1647 2789 ui

113 2823 259 2880 aliqua
297 2824 439 2879 aptari
470 2829 687 2878 poterunt.
748 2822 801 2863 de
839 2821 1058 2863 infinitiuo
1100 2835 1200 2862 uero
1243 2819 1429 2867 Ellisius‚
1465 2825 1514 2859 ut
1549 2831 1647 2858 eum

114 2898 378 2948 praeteream
427 2893 503 2948 qui
543 2889 845 2934 ‘descendere'
886 2890 939 2931 ad
983 2888 1155 2930 ‘iuuat'
1205 2888 1267 2940 (di
1317 2887 1416 2928 boni
1437 2889 1464 2937 Ι)
1512 2885 1651 2927 uoluit

117 2961 284 3011 referre,
320 2962 394 3003 uix
430 2961 535 3002 satis
570 2967 685 3002 recte
719 2959 929 3001 iudicauit
965 2973 1060 3000 cum
1093 2972 1142 2998 ex
1175 2956 1319 2998 uerbis
1350 2954 1651 3012 ‘perspicimus
