1981 3334
611 230 667 268 sl
666 230 697 267 L
709 229 768 268 VA
814 230 860 267 J!
860 230 888 267 A
897 230 964 267 NI
967 230 1028 267 LI
1029 231 1056 267 A
1067 232 1135 267 NA
1147 261 1153 267 .
1610 236 1618 269 Ι
1632 234 1643 270 l

117 364 200 391 non
230 351 393 406 ‘qratia
428 353 501 405 (ne
530 352 666 394 dicam
698 351 750 393 dc
782 352 855 392 illa
887 352 1154 407 quorundam
1189 353 1378 393 cmlii-um
1415 356 1655 409 osu-ruptvla

112 418 277 473 yrecz’a)
304 419 475 461 Troiani
505 420 630 462 belli’
662 421 733 462 sed
764 421 928 475 [μυκὶιι
963 427 1064 462 orat.
1130 421 1231 462 hacc
1265 421 1395 461 uerba
1433 437 1505 476 pm·
1541 438 1652 463 coin-

118 487 321 542 pendium
359 489 516 544 scripta
552 498 713 531 temere
749 490 860 530 inter
896 505 939 530 sc
976 489 1178 530 confundi
1216 490 1265 530 :ul
1307 490 1443 530 locum
1476 491 1654 531 adnotat

117 556 348 598 Bentleius.
431 558 575 613 itaque
617 559 889 600 scribendum
933 565 1001 599 ‘ct
1043 574 1139 614 rege
1193 559 1260 599 ucl
1316 574 1398 599 uno
1425 559 1429 614 Ι
1460 559 1655 615 princeps

115 624 242 668 Pella
263 624 428 675 domus,
449 626 620 668 Troiani
644 639 817 669 GLORIA
839 627 940 668 belli
968 628 973 682 Ι
1003 628 1244 670 Thessalia!

203 709 301 735 mox
335 694 379 736 in
414 710 452 736 u.
488 697 572 738 690
607 696 828 752 uicinaque
858 696 968 752 ripis
997 697 1150 752 Illyris
1179 712 1307 752 quain
1348 697 1531 738 maxime
1565 698 1653 738 lau-

112 777 244 820 guere
273 777 408 818 paene
437 779 584 806 omues
613 765 899 807 consentiunt.
961 781 1068 820 quac
1096 766 1290 821 pwpriae
1313 767 1471 808 fuerint
1494 766 1653 821 Illyrici

114 831 273 882 laudes,
303 832 535 888 diligenter
565 833 858 875 scrutantibus
890 834 1003 875 haud
1041 835 1082 875 iu
1122 842 1320 890 promptu
1353 842 1417 876 est
1448 835 1652 876 inuenire.

113 900 296 956 scopulis
317 907 462 943 tamen
484 902 705 944 altissimis
727 902 818 944 cius
840 918 937 944 orac
959 903 1116 944 circum
1142 905 1333 945 munitae
1355 911 1466 945 sunt.
1509 904 1652 959 itaque

113 969 231 1012 haud
270 971 356 1012 scio
397 986 451 1012 an
493 971 786 1027 reponendum
830 972 887 1014 sit
922 984 1223 1028 chlrvcquce
1265 985 1392 1014 rl'l’ls
1429 988 1524 1015 cum
1568 973 1649 1014 ele-

110 1038 233 1094 ganti
265 1038 338 1080 illo
368 1040 605 1082 accusatiui
638 1055 718 1081 usu
751 1056 878 1096 quem
911 1041 1226 1082 adamaueruut
1256 1049 1418 1096 poetae.
1479 1042 1651 1097 ‘rupes’

111 1106 217 1148 alibi
237 1122 407 1163 quoque
430 1123 528 1149 cum
551 1114 559 1128 ³
574 1109 689 1164 ripa'
711 1115 1012 1150 commutatur.
1069 1110 1120 1150 tle
1144 1109 1322 1164 rupibus
1346 1110 1648 1165 montibusque

111 1175 275 1232 Illyrici
296 1178 543 1220 conferendi
565 1185 677 1227 sunt,
700 1179 734 1219 si
759 1179 869 1220 tanti
899 1186 976 1228 est,
1006 1179 1204 1220 Lucanus
1235 1191 1281 1219 IV
1313 1181 1393 1221 452
1427 1180 1567 1235 ‘rupis
1595 1180 1648 1221 ab

111 1244 309 1301 Illyricae
341 1247 547 1302 scopulis‚'
572 1247 790 1288 Ausonius
816 1248 867 1290 de
894 1248 1023 1290 claris
1048 1248 1214 1290 urbibus
1237 1247 1272 1289 7.
1296 1251 1320 1289 :3
1343 1249 1441 1299 alii3
1473 1250 1647 1290 fortasse

111 1313 245 1355 etiam
280 1314 369 1370 ipse
399 1314 605 1357 Manilius
633 1315 668 1356 si
699 1315 897 1356 Ellisium
931 1315 1130 1357 audimus
1165 1316 1205 1356 in
1246 1327 1293 1356 lv
1328 1319 1411 1358 (510
1440 1316 1649 1357 ‘uallum'

110 1383 395 1426 conicientem
417 1384 534 1427 Noct.
558 1384 674 1426 Man.
699 1400 736 1440 p.
762 1385 856 1427 137.

199 1481 249 1512 IV
283 1470 511 1514 701—710

285 1561 334 1588 ac
365 1547 488 1589 uelut
520 1547 709 1588 humana
740 1554 805 1589 est
836 1547 968 1602 signis
999 1547 1211 1602 descripta
1242 1548 1376 1602 figura

286 1621 330 1656 et
360 1631 622 1671 quamquam
655 1616 893 1657 communis
925 1622 995 1656 eat
1028 1615 1167 1656 tutela
1199 1630 1271 1670 per
1303 1630 1427 1656 omne

286 1700 451 1741 corpus,
483 1692 526 1727 et
558 1685 603 1727 in
637 1685 855 1741 proprium
888 1684 1069 1726 diuersis
1099 1685 1279 1726 artubus
1309 1685 1400 1726 exit

286 1756 490 1810 (namque
522 1756 646 1796 Aries
677 1755 822 1810 capiti,
853 1754 1019 1795 Taurus
1050 1753 1289 1795 ceruicibus
1320 1754 1478 1802 haeret,

284 1823 459 1866 brachia
488 1823 568 1865 sub
600 1823 794 1866 Geminis
826 1831 1066 1872 censentur,
1097 1829 1268 1877 pectora
1300 1821 1476 1871 Cancro,
1566 1821 1646 1862 705

284 1899 328 1935 te
358 1893 572 1950 scapulae,
603 1893 836 1942 Nemeaee,
868 1899 1025 1934 uocant
1057 1898 1187 1947 teque
1220 1892 1304 1941 ilia,
1337 1891 1480 1947 Virgo,

285 1961 416 2004 Libra
445 1962 548 2004 colit
578 1962 725 2004 clunes
756 1968 801 2003 et
833 1961 1035 2015 Scorpius
1067 1960 1244 2015 inguine
1276 1967 1439 2016 regnat,

285 2038 330 2073 et
360 2032 522 2074 femina
553 2032 822 2080 Arcitenens,
851 2046 993 2087 genua
1024 2037 1067 2072 et
1100 2030 1383 2085 Capricornus
1414 2029 1578 2070 amauit

284 2115 493 2156 cruraque
525 2099 717 2141 defendit
748 2099 938 2148 quenis,
970 2098 1157 2154 uestigia
1189 2098 1349 2149 Pisces)

285 2169 345 2211 sic
374 2169 480 2211 alias
510 2169 627 2211 aliud
660 2175 792 2211 terras
823 2169 905 2210 sibi
937 2168 1128 2209 uindicat
1160 2175 1333 2209 astrum.
1567 2166 1650 2208 710

199 2255 351 2297 horum
380 2269 584 2296 uersuum
613 2269 800 2295 conexus
827 2253 937 2294 male
966 2253 1213 2294 intellectus
1243 2253 1342 2293 fecit
1363 2257 1412 2292 ut
1438 2251 1478 2292 in
1504 2266 1542 2292 u.
1566 2252 1649 2292 703

110 2325 342 2367 molestum
370 2324 476 2365 illud
504 2330 542 2366 et
572 2323 739 2365 tamdiu
769 2329 975 2364 seruetur.
1037 2322 1223 2377 primum
1248 2321 1288 2363 ei
1309 2320 1423 2376 quod
1450 2326 1514 2361 est
1538 2320 1648 2361 uelut

109 2394 235 2449 (701)
255 2393 484 2450 respondet
513 2392 562 2436 τὸ
589 2393 648 2435 sic
678 2393 723 2433 in
745 2407 783 2433 u.
807 2391 910 2442 7103
942 2391 1097 2432 deinde
1120 2391 1201 2432 ista
1224 2396 1281 2432 est
1310 2389 1520 2444 descripta
1541 2388 1647 2442 (dl-s·-

109 2464 250 2520 cripta
279 2464 371 2506 sine
397 2463 528 2505 dubio
553 2462 847 2513 scribendum)
877 2467 920 2502 et
946 2461 1029 2503 escit
1055 2459 1279 2515 coniungit
1310 2458 1418 2500 illud
1446 2464 1492 2508 et,
1515 2473 1539 2499 a
1561 2472 1644 2513 quo

110 2533 264 2589 incipit
295 2548 335 2575 u.
369 2531 467 2581 702,
502 2538 552 2574 ut
582 2532 675 2573 luce
709 2531 864 2573 elarius
900 2530 956 2571 sit
992 2545 1064 2584 pro
1100 2530 1234 2571 altero
1267 2535 1304 2570 et
1335 2527 1462 2570 scribi
1493 2527 1646 2568 debere

111 2615 198 2654 „41¹3
233 2602 344 2658 quod
374 2603 436 2659 τῷ
467 2601 774 2658 ‘quamquam'
803 2600 964 2655 optime
1001 2598 1284 2654 respondebit.
1346 2597 1492 2638 eodem
1525 2595 1648 2636 modo

110 2678 208 2728 post
237 2672 314 2715 etsi
348 2671 624 2726 subsequitur
655 2670 804 2712 eadem
841 2668 1053 2725 particula
1084 2668 1167 2709 Cic.
1202 2666 1252 2709 de
1283 2681 1339 2707 or.
1371 2677 1423 2706 111
1456 2667 1520 2712 14,
1551 2664 1646 2705 Tac.

112 2739 216 2782 dial.
240 2742 304 2782 19.

198 2837 249 2868 IV
281 2826 363 2869 726
385 2841 444 2882 sq.

313 2900 398 2942 iam
430 2900 602 2956 propior
632 2899 845 2954 tellusque
879 2904 1031 2938 natans
1062 2894 1280 2950 Aegyptia
1314 2892 1415 2933 Nilo

314 2968 453 3010 lenius
484 2967 654 3023 irriguis
685 2966 870 3008 infuscat
900 2979 1073 3020 corpora
1103 2962 1264 3018 campis
