1966 3329
282 209 305 246 4
778 211 941 250 ,S'ILVA
985 211 1324 249 MANILIANA.

285 332 513 388 displicent
536 339 584 376 ut
607 334 701 375 aliis
723 334 872 376 multis
893 333 945 375 de
968 333 1124 389 quibus
1140 348 1226 374 non
1243 333 1461 374 dubitauit
1481 332 1703 373 Bentleius
1721 333 1824 388 quin

287 402 513 445 Maniliani
545 410 687 445 essent
718 403 984 445 rotundiores
1020 403 1260 444 uideantur.
1342 401 1483 457 pergit
1524 401 1602 442 Vir
1644 402 1828 457 Magnus

285 471 439 523 “Quid
479 473 592 528 quod
634 473 737 513 haec
779 472 1135 527 praecedentibus
1177 476 1428 526 repugnent.
1490 485 1575 510 non
1619 470 1734 511 enim
1776 485 1827 511 ex

290 541 506 582 sententia
540 542 727 582 auctoris
762 541 920 589 ictibus,
952 541 1113 596 playis,
1150 540 1384 582 uerberibus
1418 546 1532 580 terra
1567 540 1621 580 ab
1657 539 1748 596 igni
1785 546 1827 580 et

289 610 462 651 aethere
484 611 704 666 compulsa
726 616 801 660 est,
824 610 896 651 sed
918 610 1031 666 ignis
1053 616 1096 650 et
1118 609 1266 650 aether
1287 614 1439 664 sponte
1461 623 1539 649 sua
1567 614 1611 650 et
1636 607 1829 663 ingenita

287 679 466 720 leuitate
514 694 680 720 sursum
725 694 768 719 se
809 694 860 720 ex
903 679 989 719 imo
1037 677 1339 719 „sustulerunt”
1419 692 1514 719 ecce
1562 676 1826 719 leuissimum

291 747 422 788 habes
454 753 758 802 argumentum
791 762 875 802 quo
904 747 1048 801 spuria
1076 747 1148 787 illa
1177 761 1266 788 esse
1294 747 1445 801 probes
1467 747 1561 800 (cur
1590 746 1703 787 enim
1733 746 1829 802 quis

288 816 414 871 plane
436 817 713 858 abhorrentia
742 822 785 857 et
814 816 998 857 absurda
1019 816 1199 857 inferret
1215 817 1261 868 2),
1283 815 1355 856 sed
1379 831 1464 870 quo
1485 816 1624 857 alieno
1646 815 1735 856 loco
1758 814 1830 856 uel

285 886 429 940 potius
461 885 720 926 alienissimo
753 886 902 940 posita,
935 885 1238 926 firmissimum.
1295 885 1397 940 quid
1431 886 1544 940 quod
1577 886 1669 941 ipsa
1701 884 1830 925 uerba

287 954 409 1008 quasi
439 954 667 996 clamorem
700 955 848 996 tollere
880 955 1085 996 uidentur
1111 970 1155 996 se
1184 954 1238 995 ad
1267 960 1506 995 atomorum
1534 954 1627 995 illas
1655 953 1830 1009 Epicuri

288 1023 607 1064 conciliationes
652 1023 806 1065 debere
855 1024 1076 1065 reuocari?
1137 1023 1190 1064 de
1235 1038 1319 1078 quo
1367 1022 1595 1064 Lucretius
1636 1023 1678 1063 in
1722 1022 1829 1063 libro

286 1092 472 1133 secundo
506 1093 640 1134 fusius
669 1093 895 1145 disseruit3
926 1093 1182 1134 conferenda
1210 1098 1312 1135 sunt
1340 1093 1513 1133 omnino
1543 1107 1651 1148 quae
1679 1107 1750 1135 uu.
1775 1094 1828 1135 99

285 1163 429 1201 -104
451 1161 503 1202 de
525 1161 614 1202 ictu
638 1167 681 1203 et
703 1162 932 1203 conciliatu
955 1161 1069 1203 dicit.

372 1236 489 1272 totus
510 1231 627 1272 locus
648 1231 707 1272 sic
728 1231 1004 1287 refingendus
1025 1237 1090 1272 est
1108 1248 1115 1273 :

458 1317 549 1358 siue
582 1317 821 1359 indiuiduis
852 1317 897 1358 in
929 1317 1044 1359 idem
1075 1317 1269 1359 reditura
1300 1318 1455 1359 solutIS
1748 1319 1829 1359 128

458 1386 679 1442 principiis
709 1392 865 1427 natura
896 1391 1043 1427 manet
1073 1394 1170 1442 post
1201 1387 1370 1428 saecula
1401 1387 1531 1436 mille,
1746 1389 1829 1429 129

458 1455 630 1510 ictaq‘ue
662 1455 910 1496 contractis¹
941 1455 1183 1497 consistunt
1214 1470 1387 1510 corpora
1418 1456 1555 1512 plagis
1747 1455 1827 1497 171

459 1529 503 1564 et
533 1523 820 1565 concurrendo
851 1523 1138 1579 prohibentur
1168 1524 1337 1579 longius
1369 1524 1450 1565 ire2
1747 1523 1829 1566 172

460 1598 504 1634 et
549 1607 685 1648 paene
733 1608 785 1634 ex
829 1593 964 1634 nihilo
1006 1608 1176 1634 summa
1216 1599 1281 1635 est
1322 1593 1593 1649 nihilumque
1634 1594 1830 1635 futurum

575 1662 662 1715 (uel
693 1662 875 1716 futurA),
1746 1665 1830 1705 130

459 1745 668 1786 caecaque
699 1731 901 1772 materies
931 1731 1097 1772 caelum
1130 1731 1307 1786 perfecit
1337 1737 1382 1772 et
1413 1731 1568 1773 orbem.

373 1832 389 1862 1
423 1821 515 1864 167.

430 1902 602 1958 imaque
634 1902 686 1944 de
718 1903 882 1944 cunctis
915 1902 1100 1944 mediam
1132 1908 1254 1944 tenet
1285 1902 1476 1957 undique
1509 1902 1663 1944 sedem.

373 1995 482 2036 bene
520 1995 722 2036 Iacobus:
759 2001 925 2050 ‘neque
964 2009 1090 2036 uersu
1125 2009 1265 2035 carere
1303 2008 1538 2049 possumus.
1600 2009 1700 2035 nam
1730 2009 1828 2036 cum

285 2063 486 2119 deinceps
522 2064 750 2105 doceamur
783 2079 857 2105 cur
887 2070 1002 2106 terra
1034 2065 1091 2105 sit
1128 2064 1307 2114 stabilis,
1339 2070 1467 2105 antea
1502 2063 1701 2105 stabilem
1738 2079 1829 2106 esse

287 2133 466 2174 docendi
502 2133 694 2174 eramus.'
765 2133 836 2175 sed
881 2133 995 2188 quod
1031 2133 1121 2188 ipse
1158 2138 1429 2174 commentus
1470 2138 1534 2174 est
1574 2132 1760 2174 mediam
1792 2139 1830 2176 et

288 2202 398 2243 nihil
421 2202 773 2245 attulitsalubre.
819 2203 871 2244 de
893 2203 1004 2258 igne,
1021 2202 1073 2244 de
1095 2202 1263 2258 spiritu,
1286 2202 1339 2243 de
1360 2216 1474 2257 aqua
1494 2201 1557 2243 ita
1578 2201 1742 2243 dictum
1764 2209 1830 2244 est
1891 2229 1896 2234 ·

286 2270 332 2310 in
358 2270 649 2325 superioribus
677 2278 724 2312 ut
755 2271 979 2313 doceretur
1005 2271 1193 2326 primum
1222 2285 1351 2326 quem
1384 2271 1524 2311 locum
1556 2271 1828 2326 unumquod-

286 2354 370 2394 que
403 2340 668 2380 elementum
701 2346 883 2382 naturae
916 2348 1029 2382 sorte
1066 2340 1315 2390 obtinuerit,
1349 2340 1503 2382 deinde
1536 2340 1594 2382 ali
1627 2341 1743 2382 idem
1774 2341 1829 2383 ab

287 2421 336 2447 eo
377 2406 490 2461 quod
531 2405 709 2447 inferius
751 2413 874 2458 esset,
911 2409 1023 2450 alere
1064 2424 1165 2450 uero
1207 2408 1320 2463 quod
1357 2407 1563 2463 superius.
1636 2423 1732 2449 mox
1774 2408 1828 2450 ad

285 2480 444 2516 terram
469 2475 612 2530 pergit
634 2475 769 2516 oratio
791 2476 844 2517 de
866 2491 951 2531 qua
977 2476 1125 2517 eadem
1156 2476 1298 2517 doceri
1320 2481 1500 2531 oport-et.
1562 2475 1830 2518 docebuntur

287 2544 321 2585 si
353 2559 393 2586 u.
419 2543 499 2585 167
522 2549 620 2599 post
653 2559 690 2586 u,
717 2546 798 2586 159
822 2546 1053 2587 collocatus
1085 2546 1192 2597 erit3
1226 2545 1351 2587 modo
1383 2559 1437 2586 ne
1468 2559 1507 2586 u,
1534 2547 1616 2587 160
1648 2550 1827 2598 ‘conue7

285 2611 436 2666 nitque
459 2611 580 2666 uagis
602 2612 842 2666 permixtus
864 2613 992 2654 limus
1015 2613 1185 2655 harenis
1200 2613 1208 2627 '
1237 2628 1366 2669 quem
1389 2613 1578 2654 alienum
1600 2612 1829 2668 occupauit

285 2679 423 2720 locum
461 2679 646 2721 retinere
683 2680 885 2724 sinamus.
949 2682 1073 2733 hunc,
1103 2697 1200 2723 cum
1233 2682 1285 2724 ad
1320 2682 1555 2737 posteriora
1592 2683 1695 2736 (162
1718 2683 1828 2738 sqq.)

327 2780 339 2800 1
363 2781 541 2812 ‘breuibus
554 2781 676 2822 spatiis
689 2785 858 2814 uexantur
875 2783 918 2815 ab
934 2783 1020 2815 ictu'
1091 2785 1224 2816 sultant
1243 2784 1247 2826 1
1269 2783 1470 2824 indupedita
1486 2783 1557 2815 suis
1572 2783 1740 2824 perplexis
1750 2783 1827 2825 ipsa

285 2836 389 2867 chR.
1090 2839 1226 2879 figuris’
1243 2839 1346 2870 chR.
1367 2838 1495 2880 (confer
1504 2839 1726 2879 prohibentur
1736 2839 1827 2878 quod

327 2889 340 2909 2
363 2889 494 2931 exiguis
527 2890 719 2924 interuallis
768 2892 923 2926 confulta
969 2903 1018 2925 re·
1089 2903 1150 2935 pro
1162 2894 1342 2936 prohibent
1358 2895 1396 2924 in
1410 2892 1564 2936 reposuit
1580 2892 1755 2934 Huetius).
