1981 3334
676 887 901 937 CAPVT
974 890 1010 938 I.

291 1053 370 1094 DE
422 1053 596 1097 LOCIS
653 1054 890 1097 SPVRIIS
946 1056 1017 1097 ET
1070 1057 1396 1100 SVSPECTIS.

158 1191 414 1233 Nostrarum
437 1192 482 1233 in
505 1192 734 1234 Manilium
757 1193 1085 1235 adnotationum
1115 1210 1260 1236 ansam
1283 1202 1412 1251 atque
1435 1196 1606 1237 initium

69 1259 124 1302 ab
145 1273 195 1301 eo
216 1260 310 1302 uiro
331 1268 530 1316 petemus
552 1261 627 1316 qui
655 1262 699 1302 in
730 1261 858 1303 huius
887 1263 1103 1318 scriptoris
1128 1264 1314 1304 carmine
1344 1263 1608 1305 emendando

68 1332 231 1368 ceteros
253 1328 376 1383 equis
397 1328 506 1369 albis
527 1330 867 1384 praecucurrisse
889 1330 1006 1371 haud
1035 1330 1217 1372 absurde
1246 1331 1422 1372 dicatur.
1488 1331 1609 1372 cuius

69 1395 201 1437 etiam
223 1396 258 1437 si
280 1411 437 1438 nomen
459 1398 717 1447 reticuerim,
741 1398 789 1440 R.
813 1399 1088 1440 BENTLEIVM
1113 1414 1202 1440 esse
1227 1399 1459 1454 legentium
1482 1414 1607 1440 nemo

68 1481 153 1508 non
195 1467 496 1509 intellecturus
545 1474 621 1509 est.
701 1474 804 1510 sunt
848 1476 1007 1517 tamen,
1048 1476 1097 1510 ut
1137 1468 1311 1518 adsolet,
1352 1469 1393 1509 in
1437 1469 1607 1524 egregio

68 1550 242 1592 corpore
284 1537 441 1578 menda
476 1536 700 1592 quaedam,
736 1552 820 1578 non
864 1538 999 1578 multa
1039 1538 1113 1578 illa
1152 1537 1326 1592 quidem
1363 1552 1439 1578 nec
1479 1537 1607 1578 uenia

70 1603 261 1661 indigna,
301 1606 376 1647 sed
417 1605 589 1647 silentio
634 1606 749 1647 nullo
791 1605 916 1647 modo
962 1606 1284 1661 praetereunda,
1328 1620 1380 1647 ne
1423 1606 1495 1646 illa
1530 1606 1605 1646 ali-

20 1692 25 1697 ·
69 1687 251 1728 quorum
289 1673 497 1715 aduersus
534 1688 691 1728 magna
730 1674 905 1729 ingenia
945 1689 1069 1716 caeca
1108 1683 1238 1729 atque
1280 1675 1465 1729 inperita
1501 1674 1604 1714 adu-

70 1742 175 1784 latio
209 1757 284 1798 pro
320 1742 433 1784 ueris
464 1757 513 1784 ac
544 1742 690 1784 solidis
721 1758 840 1784 cassa
870 1749 1001 1798 atque
1034 1743 1178 1784 inania
1207 1743 1366 1798 ignaris
1397 1742 1603 1783 uenditet.

70 1811 230 1866 quippe
259 1825 440 1866 magnus
468 1811 541 1852 ille
565 1811 629 1852 uir
657 1811 745 1852 suis
766 1811 855 1866 ipse
877 1811 1042 1866 ingenii
1064 1810 1298 1851 luminibus
1323 1810 1426 1851 dum
1449 1811 1606 1852 mentis

70 1879 205 1921 aciem
234 1879 357 1935 quasi
384 1879 673 1934 praestringit,
707 1879 825 1920 illam
863 1879 978 1919 uiam
1015 1893 1063 1920 ac
1099 1879 1308 1920 rationem
1346 1893 1472 1933 quam
1511 1879 1605 1919 aliis

68 1947 316 1990 ostenderat
343 1963 559 2004 quamque
590 1947 681 2002 ipse
709 1947 876 2002 ingredi
908 1954 1117 2002 coeperat,
1138 1946 1254 1987 haud
1283 1947 1345 1987 ita
1367 1961 1469 1996 raro,
1490 1947 1601 2002 quod

68 2032 167 2059 cum
208 2018 352 2059 dolore
388 2017 564 2067 mireris,
602 2017 802 2058 deseruit.
865 2031 964 2057 nam
1001 2015 1277 2064 mehercules,
1312 2016 1346 2056 si
1384 2030 1427 2056 se
1463 2016 1603 2069 ipsum

68 2085 222 2128 ducem
253 2101 421 2142 semper
451 2092 624 2128 secutus
656 2092 776 2135 esset,
811 2100 1023 2141 perpauca
1054 2084 1098 2125 in
1130 2084 1308 2125 Manilio
1339 2083 1604 2125 emendanda

67 2155 220 2197 ceteris
240 2155 494 2211 reliquisset.

154 2224 423 2267 luculentum
465 2225 594 2266 huius
634 2225 696 2266 rei
739 2224 986 2279 exemplum
1027 2224 1107 2266 erit
1149 2223 1218 2265 lib.
1261 2234 1295 2263 ΙΙ
1339 2224 1564 2264 230—233
1580 2227 1602 2264 ¹.

66 2293 210 2335 uersui
249 2295 328 2336 231
367 2308 467 2335 eum
503 2308 677 2335 uersum
713 2293 933 2334 subiciunt
973 2292 1136 2333 codices
1172 2306 1301 2332 manu
1343 2290 1489 2345 scripti
1529 2290 1602 2344 qui

66 2361 154 2402 illic
181 2362 348 2417 positus
379 2368 423 2403 et
454 2362 546 2417 ipse
577 2376 703 2403 sensu
739 2361 854 2402 omni
895 2366 1019 2401 uacet
1051 2366 1094 2401 et
1125 2359 1342 2414 disiungat
1374 2359 1601 2407 artis‚sen-

66 2430 303 2472 tentiamm
325 2430 448 2472 nodis
470 2431 584 2472 inter
605 2445 649 2472 se
672 2430 970 2472 cohaerentia:

238 2539 421 2582 parsque
453 2526 619 2568 marina
649 2526 792 2568 nitens
824 2525 1046 2567 fundentis
1076 2539 1242 2580 semper
1271 2523 1445 2579 Aquari.

67 2625 181 2668 hunc
222 2626 391 2668 falsario
432 2626 561 2668 alicui
602 2627 840 2668 attribuere
882 2626 1164 2667 uanissimum
1207 2630 1326 2666 esset.
1387 2629 1452 2664 est
1487 2623 1600 2664 enim

67 2694 227 2737 falsarii
247 2695 402 2750 putida
426 2710 474 2737 ac
501 2710 833 2751 superuacanea,
854 2710 938 2737 non
967 2702 1032 2737 est
1062 2709 1186 2736 sensu
1220 2708 1386 2748 prorsus
1416 2692 1603 2734 carentia

66 2762 291 2805 inculcare.
365 2763 467 2818 quid
511 2763 644 2819 igitur
681 2763 934 2805 Bentleius?
996 2762 1108 2803 uidit
1145 2767 1240 2817 post
1276 2772 1325 2802 lv
1366 2761 1449 2802 489
1486 2760 1603 2801 hiare

265 2887 276 2907 ¹
300 2887 337 2919 in
354 2887 490 2920 Manilii
507 2887 664 2920 uersibus
679 2887 828 2920 citandis
845 2887 998 2919 numeris
1015 2889 1094 2918 utor
1109 2885 1270 2918 editionis
1286 2885 1411 2917 Iacobi.

177 2970 210 2998 Ρ.
234 2970 274 2998 Μ.
1475 2956 1486 2991 l
