1981 3334
599 243 657 281 SI
659 244 689 280 L
701 242 760 280 VA
808 243 849 279 ,ΙΙ
852 245 881 279 Α
891 243 957 280 XI
961 244 1020 281 LI
1021 246 1048 281 A
1060 245 1144 282 NA.
1598 250 1638 283 125

190 362 233 404 in
263 363 340 404 hos
368 378 517 405 uersus
546 362 749 419 migrasse
777 362 896 404 scioli
925 362 1146 404 cuiusdam
1175 364 1516 405 additamentum
1541 371 1638 405 zum²

104 446 171 473 me
193 431 541 474 animaduersum
564 439 630 473 est
650 447 676 474 a
699 431 893 473 Breitero
914 432 987 487 qui
1011 433 1142 473 uerba
1165 448 1314 475 causae
1330 449 1435 488 qnae
1451 434 1639 488 ecliptica

103 500 328 556 —antiqni
348 515 370 542 e
393 507 516 542 textu
540 500 651 542 eicit.
712 500 754 540 in
783 515 868 555 quo
900 500 997 541 ficta
1019 516 1044 541 a
1066 501 1178 542 ueris
1201 501 1270 542 uix
1296 502 1399 542 satis
1422 508 1534 542 recte
1557 502 1640 542 ‹lis-

105 568 268 620 creuit3
298 584 437 624 neque
460 568 575 610 enim
598 583 727 611 cansa
748 567 869 609 tituli
891 583 1116 622 possumus
1137 584 1291 616 carere,
1313 575 1458 610 contra
1475 570 1642 624 pariter

105 643 148 678 et
179 637 303 679 facile
334 637 482 679 abesse
514 643 685 692 poterat
716 639 834 688 (nam
868 637 1015 678 ‘bina’
1048 652 1125 692 per
1156 652 1199 679 se
1238 637 1376 692 ipsum
1415 653 1501 679 rem
1540 639 1642 679 satis

103 704 293 746 declarat
310 720 440 761 quam
460 705 642 760 Anglicc
659 706 728 758 (cf.
751 707 855 755 859)
877 704 1060 746 dicimus
1081 710 1089 724 ‘
1105 705 1159 760 by
1184 706 1295 760 pairs
1311 706 1337 757 ’)
1359 712 1401 746 ct
1425 721 1474 747 ex
1499 721 1537 747 u.
1560 708 1641 746 845

104 773 188 815 huc
229 775 397 816 uenisse
441 774 624 816 uidetur.
687 781 852 816 restant
889 774 1159 815 emendanda
1198 775 1324 816 hacc:
1371 775 1486 829 ‘ipsa
1521 774 1643 816 (locet

102 843 254 886 titulos
280 843 456 886 causae'
478 845 599 896 (nam
622 858 726 899 qnae
747 844 859 899 quod
884 843 1058 884 Ellisius
1080 844 1237 884 frustra
1259 851 1408 885 tuetur
1429 844 1482 885 ab
1512 843 1641 885 inter-

103 912 297 968 polatore
329 918 409 961 est,
439 912 602 954 scilicet
634 917 766 967 ‘quae
798 912 922 967 signa
953 913 1151 968 ecliptica
1181 913 1326 954 dixere
1344 913 1382 965 '),
1415 928 1510 953 mox
1548 913 1643 954 ‘sed

102 980 206 1023 bina
233 981 454 1023 laborant.'
513 981 696 1023 inuertit
724 982 948 1031 rationem,
976 983 1010 1023 si
1040 982 1142 1037 quid
1175 982 1310 1031 uideo,
1333 981 1556 1023 Bentleius
1585 982 1643 1023 sie

104 1049 252 1106 legens
282 1049 397 1105 ‘ipse
427 1049 551 1092 docet
580 1050 737 1092 titulus
764 1051 937 1092 causczs'
967 1057 1010 1092 et
1042 1051 1095 1091 ad
1127 1062 1159 1092 11
1196 1054 1278 1093 636
1310 1066 1544 1106 prouocans
1576 1057 1643 1092 ‘ct

105 1123 277 1160 tantum
301 1118 431 1160 Graio
452 1118 613 1175 signari
636 1119 809 1160 nomine
839 1134 1004 1174 passam
1033 1123 1037 1175 Ι
1067 1119 1419 1169 dodecatemoria,
1442 1120 1482 1160 in
1515 1120 1644 1161 titulo

107 1186 324 1243 signantia
353 1187 524 1228 causas.'
586 1187 674 1228 illic
703 1186 816 1228 enim
849 1187 1034 1228 nominis
1066 1188 1218 1229 Graeci
1247 1188 1456 1228 rationem
1487 1194 1644 1228 tractat

103 1261 244 1311 poeta,
261 1255 373 1310 quod
397 1255 442 1296 in
464 1255 673 1311 eclipticis
694 1256 829 1312 signis
851 1256 935 1297 iam
957 1263 1057 1298 ante
1076 1271 1146 1297 uu.
1164 1272 1248 1297 xxx
1267 1257 1424 1298 fecerat
1440 1259 1530 1309 (uu.
1548 1260 1643 1304 819,

105 1325 220 1378 820).
281 1323 429 1379 itaque
460 1324 530 1366 hic
559 1339 644 1366 non
673 1324 725 1366 de
754 1325 883 1366 titulo
912 1325 1204 1381 eclipticorum
1234 1325 1318 1366 iam
1352 1326 1540 1380 loquitur
1570 1325 1641 1367 scd

103 1393 158 1435 de
194 1393 309 1448 ipsis.
369 1393 505 1434 uerba
537 1393 630 1449 ipsa
667 1394 807 1436 locum
851 1395 983 1436 Ouidi
1015 1395 1058 1436 in
1096 1403 1286 1436 mentem
1324 1404 1528 1436 reuocant
1559 1410 1643 1450 quo

105 1462 255 1504 Florae
277 1462 462 1504 nominis
488 1477 616 1504 causa
644 1463 857 1505 redditur:
891 1464 949 1504 sic
972 1464 1085 1505 enim
1109 1464 1180 1505 ille
1203 1464 1246 1504 in
1268 1464 1412 1505 Fastis
1433 1475 1462 1503 v
1487 1466 1565 1505 191
1584 1478 1641 1517 sq.

104 1532 218 1587 ‘ipsa
238 1531 336 1574 doce
357 1546 466 1587 quae
489 1531 557 1574 sis.
608 1532 832 1574 hominum
855 1533 1072 1575 sententia
1094 1533 1232 1575 fallax.
1260 1532 1264 1588 Ι
1293 1533 1456 1588 optima
1479 1539 1526 1574 tu
1550 1548 1642 1586 pro-

105 1600 187 1655 prii
210 1599 394 1640 nominis
416 1606 563 1641 auctor
585 1600 689 1641 eris.'
750 1616 889 1657 neque
911 1601 1037 1643 aliter
1065 1601 1266 1643 caelestia
1292 1602 1366 1642 illa
1391 1602 1512 1657 signa
1534 1616 1642 1656 quae

106 1669 285 1711 Manilio
314 1685 388 1725 pro
414 1670 666 1712 numinibus
691 1678 794 1713 sunt
825 1671 941 1727 ‘ipsa
968 1671 1119 1713 docent
1147 1672 1245 1724 (hoc
1267 1672 1320 1712 ab
1344 1671 1490 1712 Ellisio
1511 1685 1643 1720 sumo,

106 1739 328 1782 Breiterus
355 1739 470 1782 docet
500 1746 645 1782 seruat
675 1740 727 1781 de
757 1740 881 1782 Luna
909 1741 1184 1797 intellegens)
1213 1740 1332 1782 titull
1362 1739 1538 1788 eausAs,'
1567 1739 1644 1780 hoc

105 1814 173 1851 est
215 1809 410 1850 laborant
451 1809 521 1850 uel
563 1809 868 1859 ἐκλείπουσιν;
908 1808 1029 1858 ‘sed‚'
1070 1809 1220 1863 pergit,
1264 1808 1385 1850 ‘bina
1427 1807 1645 1850 laborant)

107 1877 229 1920 uides
259 1877 346 1919 iam
377 1877 523 1919 omnia
552 1877 667 1919 inter
696 1893 740 1919 se
777 1878 1011 1920 cohaerere.
1073 1877 1314 1919 fefellerant
1348 1877 1462 1918 uiros
1498 1876 1644 1918 doctos

106 1942 240 1988 uerba
260 1960 286 1987 a
305 1945 489 1987 librariis
510 1946 654 2001 paullo
675 1946 879 1988 subtilius
900 1946 1136 2001 deprauata
1157 1960 1253 1986 cum
1271 1960 1314 1987 se
1337 1945 1643 2000 excipientium

105 2015 284 2058 alterius
300 2014 345 2056 in
361 2015 546 2056 alterum
564 2014 738 2057 inflexio
755 2015 987 2057 transisset.
1039 2015 1151 2071 quod
1175 2020 1320 2056 tamen
1339 2014 1453 2055 haud
1472 2015 1532 2055 ita
1553 2029 1644 2055 raro

106 2084 152 2126 in
185 2084 404 2126 codicibus
434 2091 646 2139 peccatur.
707 2084 757 2125 cf.
779 2095 809 2124 V
831 2086 915 2126 353
947 2089 991 2125 et
1023 2083 1101 2125 Ou.
1125 2082 1238 2124 Fast.
1264 2094 1310 2123 lv
1336 2084 1418 2124 160
1449 2082 1644 2124 ‘nomine

106 2153 251 2195 corda’
273 2168 349 2209 pro
373 2153 566 2194 ‘nomina
588 2152 724 2195 corde’
745 2153 836 2206 (A),
852 2153 973 2208 Prop.
992 2164 1026 2193 ΙΙ
1049 2154 1113 2194 32.
1132 2154 1155 2192 2
1178 2151 1379 2193 ‘crimina
1400 2151 1555 2192 lmnen’
1572 2166 1644 2205 pro

105 2222 292 2264 ‘lumina
318 2221 497 2271 crimen}
522 2224 565 2262 in
593 2222 763 2263 Aetnae
795 2237 833 2262 u.
854 2224 875 2262 1
900 2221 1142 2276 ‘ruptisque
1169 2221 1291 2262 caui’
1315 2234 1389 2274 pro
1411 2219 1642 2274 ‘ruptique

106 2290 226 2333 cauis
240 2291 248 2307 '
269 2290 402 2332 codex
424 2290 601 2346 quidam
623 2290 677 2331 ab
700 2290 849 2331 Ellisio
872 2305 1085 2332 excussus.
1148 2304 1296 2331 uersus
1319 2289 1377 2330 sic
1399 2288 1572 2329 euadit:

282 2382 376 2438 ipsa
405 2381 561 2424 docent
591 2382 714 2424 titull
745 2393 927 2433 causAs;
957 2381 1031 2423 sed
1062 2381 1165 2422 bina
1197 2381 1404 2422 laborant.

196 2485 246 2515 IV
277 2476 362 2516 860
383 2488 471 2529 sqq.

282 2559 378 2596 tum
409 2553 554 2596 uicina
583 2554 733 2596 labant
764 2554 866 2610 ipsis
897 2553 1120 2596 haerentia
1155 2552 1300 2608 signis,

282 2637 392 2678 quae
423 2621 541 2678 prius
571 2622 616 2664 in
647 2629 781 2665 terras
812 2623 996 2666 ueniunt
1026 2628 1246 2678 terrasque
1278 2620 1555 2676 relinquunt:

281 2689 444 2733 sidereo
475 2705 561 2732 non
591 2697 641 2732 ut
671 2697 837 2747 pugnet
867 2691 1108 2733 contrarius
1140 2690 1231 2732 orbi

283 2759 356 2802 sed
387 2775 472 2816 qua
503 2759 689 2801 mundus
721 2760 811 2816 agit
842 2774 1002 2808 cursus,
1031 2758 1213 2800 inclinat
1245 2764 1288 2799 et
1319 2757 1410 2812 ipse

280 2829 543 2886 amissasque
574 2835 704 2885 negat
736 2829 864 2871 uires.

193 2929 293 2956 cum
320 2914 559 2958 contrarius
594 2914 863 2970 intellegitur
899 2913 1020 2963 orbis,
1053 2912 1168 2967 quod
1199 2910 1376 2967 quidam
1408 2909 1538 2951 etiam
1570 2924 1645 2965 pro
