1966 3329
284 221 333 257 44
780 221 838 260 SI
839 222 868 258 L
879 222 939 259 VA
983 222 1028 258 M
1033 225 1056 258 Α
1070 221 1136 258 Nl
1140 222 1198 258 LI
1201 222 1229 258 A
1238 221 1290 258 N.
1299 222 1321 258 Ι.

282 342 371 384 orbi
403 342 654 385 rescribunt.
716 359 800 384 non
838 344 974 385 dicam
1014 358 1142 399 quam
1181 343 1286 383 dure
1324 342 1628 397 intellegatur;
1660 340 1732 382 sed
1770 355 1822 382 ne

283 411 341 452 sic
363 412 539 465 quidem
562 412 761 454 cohaeret
784 412 1010 453 sententia.
1072 412 1318 453 cohaereret
1340 410 1375 451 si
1397 410 1483 452 tale
1506 409 1610 465 quid
1633 409 1674 450 in
1698 414 1822 450 textu

283 481 489 536 scriptum
519 489 631 523 esset
657 482 795 524 ‘orbis
826 483 898 524 lzoc
913 482 1040 537 facit,
1073 497 1155 522 non
1190 487 1240 522 ut
1268 481 1432 522 sidereo
1464 480 1552 521 orbi
1587 479 1825 521 contrarius

283 556 462 605 pugnet,
496 551 566 592 sed
612 558 655 592 et
692 551 783 606 ipse
814 551 994 592 inclinat
1032 566 1117 606 qua
1154 550 1340 591 mundus
1381 564 1528 591 cursus
1569 549 1660 604 agit
1692 549 1824 590 uires-

283 634 366 674 que
395 634 502 674 quas
524 619 614 674 ipse
643 619 788 660 amisit
810 619 896 660 illis
918 621 1070 674 negat.'
1132 619 1280 674 itaque
1304 633 1452 660 uersus
1474 624 1569 673 post
1591 619 1671 660 861
1697 617 1826 658 amis-

284 703 355 729 sus
376 694 453 738 est,
475 690 651 730 fortasse
674 689 741 729 ue]
767 689 921 743 plures.

375 798 403 826 V
435 788 489 828 33
522 786 640 839 onus]
674 785 855 827 ducibus
887 784 1104 826 codicibus
1138 785 1176 826 G
1211 784 1383 830 ‘honosss
1412 785 1446 825 L
1475 783 1656 833 ‘honus,'
1692 783 1827 825 honus

285 855 431 897 scribe.

373 959 403 988 V
436 950 490 989 40
523 962 609 1003 sqq.

460 1028 534 1068 illa
564 1027 758 1082 quisquis
790 1027 872 1068 erit
902 1026 1028 1068 terris
1061 1026 1226 1067 oriente
1257 1031 1425 1067 creatus

460 1102 596 1137 rector
627 1096 708 1137 erit
738 1095 894 1151 puppis
925 1096 1133 1149 clauoque
1164 1094 1399 1135 immobilis
1431 1093 1612 1135 haerens

462 1165 650 1207 mutabit
683 1165 832 1220 pelago
863 1172 998 1206 terras
1029 1165 1259 1219 uentisque
1291 1170 1496 1220 sequetur

460 1236 674 1276 fortunam
708 1241 937 1290 totumque
970 1235 1088 1275 uolet
1120 1242 1291 1275 tranare
1323 1234 1585 1288 profundum

461 1304 666 1346 classibus
698 1310 829 1359 atque
857 1304 960 1345 alios
992 1318 1160 1345 menses
1191 1303 1410 1358 aliumque
1444 1303 1590 1344 uidere

464 1374 621 1415 Phasin
653 1380 697 1415 et
729 1375 773 1414 in
805 1380 951 1415 cautes
983 1373 1156 1428 Tiphyn
1190 1388 1390 1428 superare
1422 1378 1693 1414 trementem.
1777 1373 1831 1412 45

376 1463 574 1517 ineptum
597 1476 754 1503 ‘menses
776 1461 1004 1502 Bentleius
1032 1466 1147 1502 recte
1169 1460 1447 1515 impugnauit
1469 1465 1513 1500 et
1534 1457 1832 1513 reponendum

287 1532 462 1587 Illinyas
480 1530 634 1572 Iacobo
656 1545 827 1585 quoque
844 1530 993 1584 (praef.
1012 1545 1049 1584 p.
1068 1529 1193 1582 xviii)
1211 1528 1433 1584 persuasit.
1480 1527 1710 1568 minimum
1733 1541 1834 1568 sane

288 1616 314 1641 a
350 1599 504 1641 litteris
541 1600 660 1641 abest
697 1599 812 1654 quod
849 1598 965 1653 apud
1003 1598 1095 1639 Val.
1133 1598 1336 1639 Flaccum
1377 1601 1411 1638 1.
1450 1599 1534 1638 310
1571 1596 1636 1649 (in
1672 1610 1712 1637 U.
1751 1594 1831 1637 227

289 1669 482 1711 eiusdem
514 1669 612 1710 libri
643 1675 818 1724 propter
849 1668 953 1709 alias
982 1667 1245 1722 corruptelas
1274 1682 1340 1708 res
1369 1666 1513 1721 paullo
1544 1665 1763 1718 incertior)
1789 1664 1834 1705 in

289 1740 497 1780 ‘mensas'
526 1739 646 1780 abiit.
708 1738 778 1778 hic
812 1744 958 1778 tamen
989 1742 1132 1792 potest
1165 1748 1335 1778 monTes
1366 1736 1512 1777 latere.
1575 1749 1676 1776 nam
1708 1734 1835 1790 Sym-

291 1808 493 1863 plegades
529 1822 665 1863 paene
696 1807 866 1862 proprie
900 1812 1091 1847 ‘montes
1110 1805 1118 1819 ²
1150 1805 1365 1854 dicuntur,
1392 1811 1441 1845 ut
1469 1819 1493 1845 a
1521 1804 1685 1845 Seneca
1711 1803 1770 1846 H.
1787 1803 1835 1846 F.

293 1880 415 1927 1222,
441 1877 551 1919 Med.
583 1879 680 1925 342,
712 1876 805 1917 Val.
841 1876 903 1917 Fl.
931 1878 969 1917 4.
999 1875 1093 1923 576,
1124 1877 1218 1924 582,
1247 1876 1343 1924 645,
1373 1873 1467 1923 677,
1497 1877 1534 1915 8.
1560 1876 1655 1923 193,
1683 1872 1836 1916 Claud.

290 1947 397 1989 Bell.
433 1945 548 1987 Goth.
581 1948 618 1995 6,
650 1944 807 2000 quibus
843 1944 946 1985 locis
981 1943 1202 1998 perpensis
1239 1944 1290 1984 A.
1324 1942 1512 1984 Palmeri
1543 1941 1835 1984 coniecturam

291 2015 442 2056 montis
482 2013 564 2055 duo
601 2013 645 2054 in
680 2013 802 2067 Prop.
841 2014 877 2054 2.
916 2013 980 2054 26.
1015 2014 1068 2053 :34
1111 2011 1360 2065 recepimus.
1422 2011 1584 2052 Lucani
1626 2010 1758 2051 uerba
1800 2012 1835 2051 2.

293 2084 374 2125 717
413 2099 500 2139 sqq.
538 2084 698 2139 quippe
737 2082 807 2123 cui
848 2083 1025 2123 fortasse
1067 2081 1137 2122 hic
1174 2081 1326 2122 Manili
1368 2081 1484 2121 locus
1526 2080 1729 2121 scribenti
1765 2080 1838 2121 ob-

292 2159 488 2195 uersatus
515 2153 581 2202 sit,
603 2152 817 2193 exscribo:
855 2157 921 2192 ‘ut
950 2152 1168 2208 Pagasaea
1193 2151 1298 2192 ratis
1319 2156 1488 2206 peteret
1509 2165 1607 2191 cum
1628 2149 1840 2192 Phasidos

294 2223 429 2264 undas
456 2222 460 2278 Ι
491 2222 685 2278 Cyaneas
710 2222 839 2263 tellus
869 2221 1013 2262 emisit
1043 2222 1087 2262 in
1118 2236 1303 2276 aequora
1333 2226 1482 2270 cautes,
1509 2219 1514 2276 Ι
1543 2226 1666 2274 rapta
1692 2233 1839 2275 puppe

293 2293 432 2334 minor
458 2292 670 2334 subducta
698 2299 762 2334 est
790 2292 998 2334 montibus
1021 2292 1137 2346 Argo
1166 2291 1172 2346 Ι
1200 2306 1396 2346 uanaque
1426 2290 1634 2345 percussit
1655 2295 1839 2344 pontum

295 2361 548 2417 Symplegas
569 2361 743 2402 inanem
770 2359 775 2416 Ι
806 2367 850 2401 et
872 2365 1040 2402 statura
1061 2358 1196 2401 redit?

384 2475 414 2504 v
446 2466 498 2506 51

540 2534 703 2575 Punica
733 2549 810 2575 nec
841 2539 932 2575 toto
965 2533 1202 2574 fluitabunt
1233 2545 1416 2587 aequore
1448 2537 1584 2572 rostra

384 2635 524 2672 rostra.
564 2635 658 2670 tum
701 2628 825 2670 credo
866 2628 1106 2669 fluitabunt
1157 2643 1254 2669 cum
1298 2641 1369 2668 aes
1411 2625 1639 2667 natauerit.
1705 2625 1842 2667 scribe

298 2705 517 2741 APLVStrct
557 2698 646 2739 coll.
680 2698 802 2740 Lucr.
835 2709 870 2738 ΙΙ
909 2701 990 2740 555
1027 2705 1071 2738 et
1106 2697 1327 2739 Ciceronis
1358 2696 1535 2738 Arateis
1565 2710 1631 2750 ap.
1664 2695 1791 2736 Prisc.
1826 2706 1843 2736 1

299 2785 336 2825 p.
380 2772 461 2811 351
507 2768 562 2809 Η.
603 2767 844 2821 (Baehrens
886 2767 1006 2808 Poet.
1048 2767 1097 2808 R.
1131 2767 1281 2823 fragm.
1314 2766 1444 2819 XXV).
1523 2764 1761 2819 ‘aplustra’
1798 2764 1844 2805 in

300 2836 501 2893 ‘prustra’
523 2842 771 2891 corruptum
795 2842 859 2877 est
880 2835 926 2876 in
948 2835 1179 2878 Parisiensi
1204 2834 1347 2876 codice
1369 2833 1522 2887 (8779)
1543 2832 1843 2875 commentarii

300 2914 499 2949 notarum
521 2906 847 2947 Tironianarum
869 2906 928 2957 (u.
951 2905 1012 2946 ed.
1037 2904 1239 2947 Schmitz.
1263 2919 1303 2959 p.
1327 2903 1384 2957 7).
1447 2917 1544 2944 mox
1567 2908 1771 2944 secuntur
