1981 3334
606 216 663 253 ,s'l
665 216 694 253 L
708 216 765 252 ΓΑ
812 216 887 253 MA
898 216 993 253 NH,
1001 217 1053 253 121
1063 216 1147 253 ΝΛ.
1595 219 1613 255 4
1621 220 1641 256 7

111 346 194 373 non
231 347 381 374 euersa
416 333 508 375 uiro
549 333 649 375 satis
686 333 859 375 uicisset
900 333 943 374 in
988 333 1119 388 ipsis?
1152 334 1156 388 Ι
1191 340 1266 375 aut
1304 335 1403 389 lupa
1440 335 1645 389 proiectos

111 402 313 444 nutrisset
334 402 492 444 Martia
511 404 661 445 fratres
680 407 692 444 ἲ
720 402 725 458 Ι
753 403 891 444 Roma
907 403 1014 444 casis
1035 410 1163 444 enata
1180 403 1288 444 foret
1308 407 1319 444 ,ἲ
1350 404 1645 459 pecudumque

111 470 304 525 magistri
331 470 336 524 Ι
366 471 408 511 in
432 470 698 526 Capitolinos
725 471 965 511 sanxissent
994 471 1174 512 fulmina
1203 478 1369 512 montes
1395 471 1400 526 Ι
1429 471 1646 512 includiue

109 551 188 578 sua
216 538 425 593 potuisset
455 538 653 594 Iuppiter
682 553 777 580 arce
798 542 810 579 ,ἲ
835 538 840 593 Ι
869 546 1020 594 captus
1051 545 1095 580 et
1126 554 1151 579 a
1176 539 1312 594 captis
1343 539 1455 579 orbis
1488 539 1645 580 s‹›1·et.2'

111 605 240 648 liuius
268 606 346 648 loci
373 613 510 648 totum
534 614 838 663 argumentum
863 621 912 648 ex
937 607 1085 648 eodem
1113 607 1303 662 Properti
1332 607 1518 648 carmine
1545 622 1646 662 pen-

110 673 211 716 dere
233 675 419 724 uidetur,
441 675 540 717 uide
564 691 633 717 uu.
652 678 718 724 44,
739 679 792 717 55
808 691 878 731 sq.‚
901 682 944 717 et
966 677 1038 732 qui
1062 691 1190 731 supra
1212 675 1374 717 laudati
1397 684 1498 717 sunt
1521 678 1573 716 53
1588 690 1645 731 sq.

109 758 248 800 neque
269 743 338 786 hie
358 744 566 786 absonum
590 746 670 786 erit
693 760 1044 787 commemorasse
1062 746 1105 786 in
1121 746 1241 787 Decii
1255 746 1403 800 (plur.)
1420 745 1586 786 uocales
1603 745 1646 785 in

109 828 247 855 unum
275 814 534 856 contraxisse
563 814 670 856 duos
701 820 873 856 tantum
907 815 1143 870 scriptores,
1165 814 1436 870 Propertium
1466 830 1504 856 u.
1527 817 1581 856 45
1604 822 1648 857 et

110 882 336 924 Manilium
372 894 387 924 Ι
426 883 508 925 789
541 883 577 924 si
611 883 764 938 optimi
806 883 969 925 codices
1004 884 1210 939 sequendi
1246 891 1369 925 sunt:
1414 884 1474 925 sic
1515 885 1645 926 etiam

108 950 299 993 Horatia
329 952 426 1006 pita
461 967 534 1007 pro
570 951 854 993 Horatiorum
890 952 981 1007 pila
1016 952 1262 1006 Propertius
1298 954 1355 1005 (3.
1393 955 1428 994 3.
1468 952 1524 1004 7),
1558 952 1646 994 Ho-

109 1021 226 1062 ratia
244 1019 371 1076 facta
405 1021 609 1063 Manilius
640 1033 671 1061 v
696 1021 787 1063 107.
849 1021 1123 1077 comparandi
1153 1028 1254 1062 sunt
1285 1022 1405 1077 Prop.
1439 1024 1472 1063 2.
1505 1024 1568 1062 25.
1592 1023 1646 1062 43

109 1088 285 1131 ‘uidisti
324 1090 510 1145 patriam
554 1091 739 1146 Argiuas
772 1090 853 1143 (ita
887 1091 1055 1146 egregie
1091 1090 1419 1144 Housmannus)
1444 1090 1648 1146 prodente

109 1156 269 1214 figura'
291 1165 336 1200 et
363 1159 508 1200 Manil.
535 1170 582 1199 lv
607 1159 690 1200 722
712 1164 780 1201 ‘et
806 1159 982 1214 Syriam
1003 1159 1193 1214 produnt
1222 1160 1323 1200 torti
1352 1174 1427 1215 per
1455 1165 1645 1214 tempora

109 1226 289 1279 crines’;
318 1242 418 1268 mox
450 1228 572 1283 Prop.
610 1231 647 1270 4.
682 1228 717 1270 7.
752 1228 802 1269 27
837 1228 1046 1283 ‘denique
1081 1228 1176 1284 quis
1212 1235 1354 1270 nostro
1391 1244 1567 1271 curuum
1605 1236 1647 1270 te

98 1296 256 1352 funere
292 1296 458 1338 uidit?’
491 1305 535 1338 et
566 1297 712 1338 Manil.
742 1308 790 1337 lv
823 1299 906 1337 845
929 1311 1016 1352 sqq.
1055 1296 1182 1337 ‘haec
1214 1311 1386 1352 quoque
1416 1297 1537 1352 signa
1573 1312 1648 1338 suo

108 1366 270 1422 pariter
289 1381 386 1408 cum
409 1365 546 1408 sidere
564 1366 771 1420 languent
797 1365 802 1421 Ι
830 1367 1059 1407 incuruata
1076 1366 1203 1407 simul
1221 1365 1430 1421 solitoque
1448 1373 1649 1422 exempta

110 1434 248 1490 uigori
275 1434 280 1491 Ι
310 1441 353 1476 et
383 1435 506 1477 uelut
537 1436 695 1477 elatam
733 1435 935 1476 Phoeben
967 1435 1011 1476 in
1032 1435 1190 1490 funere
1222 1436 1438 1491 lugentt',
1465 1442 1646 1489 uterque

109 1502 259 1544 tritam
297 1502 413 1544 uiam
450 1503 756 1559 relinquentes,
791 1503 862 1545 sed
896 1503 1133 1558 astrologus
1164 1517 1299 1558 paene
1331 1504 1486 1546 Icarus,
1547 1503 1646 1544 Pro-

109 1572 275 1627 pertius
303 1574 340 1615 3.
365 1576 430 1615 15.
453 1575 507 1616 39
537 1573 762 1629 ‘Antiope,
784 1587 987 1629 cognosce
1016 1572 1187 1614 Iouem'
1215 1572 1254 1614 h.
1271 1587 1302 1614 e.
1333 1572 1471 1614 ‘Iouis
1500 1587 1644 1614 ueram

109 1642 374 1698 potentiam,'
403 1642 608 1683 Manilius
643 1653 671 1682 V
707 1644 761 1683 96
794 1647 953 1683 ‘morte
986 1641 1135 1683 Iouem
1170 1641 1343 1689 didicit,'
1379 1641 1422 1682 id
1463 1641 1645 1683 uerbum

110 1710 226 1752 idem
252 1711 401 1753 eodem
423 1710 739 1766 detorquentes.
796 1725 894 1751 mox
923 1711 1086 1752 ‘caeli..
1112 1710 1216 1751 iter'
1248 1716 1427 1765 uterque
1455 1712 1489 1751 2.
1522 1713 1556 1751 1.
1583 1713 1646 1759 20,

110 1790 142 1820 V
164 1782 258 1822 655.
319 1780 522 1821 audacter
549 1780 795 1834 Propertius
817 1782 873 1833 (2.
899 1784 935 1821 5.
959 1779 1011 1820 27
1035 1785 1043 1799 ‘
1058 1780 1239 1820 scribam
1263 1779 1397 1834 igitur
1423 1779 1535 1834 quod
1561 1793 1646 1820 non

111 1852 317 1904 umquam
347 1854 426 1890 tua
460 1847 603 1890 deleat
634 1848 794 1899 aetas'3
828 1847 900 1888 sed
929 1848 1134 1889 audacius
1164 1847 1368 1888 Manilius
1397 1858 1426 1887 V
1459 1849 1542 1889 398
1575 1847 1648 1888 ubi

110 1917 286 1974 quidam
308 1918 454 1960 hamos
474 1917 654 1974 legunt¹.
717 1917 893 1958 fortasse
922 1916 1055 1957 etiam
1084 1915 1332 1957 notissimus
1361 1916 1432 1957 ille
1455 1915 1647 1972 Properti

110 1985 228 2027 locus
248 1985 293 2026 in
310 2000 394 2042 quo
416 1992 458 2028 et
482 2000 558 2027 nos
581 1992 624 2027 et
647 1985 722 2026 alii
744 1985 903 2026 frustra
919 1983 1227 2025 desudauimus
1244 1984 1511 2039 interpretes,
1529 1987 1563 2025 2.
1584 1987 1647 2026 12.

112 2057 136 2096 5
159 2068 217 2110 sq.
241 2054 378 2096 ‘idem
409 2069 493 2095 non
525 2055 683 2096 frustra
713 2060 914 2095 uentosas
943 2053 1110 2094 addidit
1132 2053 1219 2094 alas
1246 2052 1250 2108 Ι
1281 2053 1380 2095 fecit
1402 2060 1445 2094 et
1467 2053 1648 2095 humano

110 2123 232 2166 corde
251 2123 396 2164 uolare
427 2122 580 2164 deum'
602 2123 683 2164 loci
714 2122 940 2164 Maniliani
968 2124 1003 2175 (1
1032 2123 1112 2164 717
1143 2122 1477 2178 ‘inquiruntque
1504 2136 1650 2164 sacras

110 2192 293 2233 humano
317 2197 485 2247 pectore
511 2206 659 2232 causas
674 2193 702 2244 ’)
724 2205 803 2246 ope
825 2190 1174 2246 interpretandus
1196 2197 1261 2231 est
1284 2196 1332 2231 ut
1354 2190 1572 2231 sententia
1592 2190 1650 2232 sit

109 2260 371 2315 ‘sagacitate
399 2260 598 2316 quamuis
627 2259 817 2300 humana
845 2258 916 2300 dei
943 2265 1142 2299 naturam
1166 2259 1385 2314 perspexit
1405 2273 1650 2313 repraesen-

110 2329 333 2384 tauitque.’
394 2329 499 2370 haec
539 2329 574 2370 si
611 2328 979 2384 α’νωμαλέσ-τερον
1014 2327 1129 2368 dicta
1165 2341 1254 2368 esse
1297 2326 1572 2376 uidebuntur,
1605 2327 1650 2368 in

109 2397 227 2439 haud
253 2412 365 2439 uano
394 2397 567 2452 Nodelli
591 2397 770 2439 inuento
793 2396 1162 2452 acquiescendum.
1220 2410 1354 2451 paene
1377 2395 1534 2436 oblitus
1555 2410 1649 2437 sum

109 2467 371 2523 subiungere
392 2467 512 2509 modo
539 2466 795 2522 particulam
825 2465 1038 2521 particula
1057 2466 1186 2507 etiam
1208 2465 1345 2520 excipi
1371 2464 1486 2519 apud
1514 2464 1650 2506 Mani-

153 2596 166 2617 ¹
189 2595 308 2628 durior
332 2595 438 2628 etiam
464 2595 607 2627 alterius
632 2595 728 2627 uerbi
755 2596 846 2635 apud

110 2649 329 2691 Pr0pertium
369 2651 414 2689 (4.
446 2651 477 2681 5.
510 2649 565 2691 29)
605 2659 689 2681 usus
734 2648 763 2680 si
805 2648 847 2680 ab

111 2704 257 2737 Heinsio
272 2705 488 2736 exstimulare
504 2703 559 2735 uel
571 2709 601 2735 et
617 2704 790 2734 stimulare
806 2703 847 2734 ab

110 2758 189 2791 aliis
196 2758 480 2798 accipias—recte
487 2760 625 2788 tantum
631 2756 735 2788 uerba
743 2756 847 2788 inter-

110 2811 278 2853 pretanda
283 2815 419 2843 sunt—⁴
427 2811 649 2843 exstimulare
656 2813 765 2842 uirum
773 2820 844 2851 pre-

111 2867 200 2899 tium
213 2866 313 2899 facit:
337 2869 431 2898 utere
443 2865 571 2898 causis:
594 2865 598 2908 Ι
618 2864 728 2897 maior
740 2864 847 2896 dilata

112 2924 214 2954 nocte
227 2925 378 2954 recurret
393 2920 512 2953 amor?
543 2922 653 2952 uirum
669 2919 762 2951 enim
779 2921 786 2935 ‘
798 2919 847 2951 ui-

915 2594 1090 2626 rilitatem'
1102 2593 1297 2625 ‘libidinem'
1305 2592 1496 2632 significare
1505 2592 1650 2629 uidetur,

916 2659 983 2690 qua
1013 2649 1195 2680 stimulata
1223 2657 1320 2680 amor
1350 2647 1461 2679 maior
1490 2649 1650 2679 recurret.

916 2703 1162 2735 conferendum
1184 2702 1414 2734 Manilianum
1436 2701 1522 2732 illud
1544 2711 1564 2732 v
1588 2702 1648 2733 151

918 2762 925 2776 ‘
937 2761 1038 2797 atque
1059 2757 1172 2788 odisse
1191 2758 1297 2787 uirum
1319 2756 1512 2795 sterilisque
1532 2758 1651 2795 optare

914 2812 1084 2844 lacertos)
1112 2811 1223 2842 multo
1235 2814 1325 2842 certe
1339 2810 1473 2842 facilius
1484 2809 1650 2846 Catullus,

915 2866 975 2906 qui
997 2868 1181 2904 utrumque
1201 2867 1440 2905 praecesserat,
1465 2864 1515 2896 63.
1537 2864 1556 2895 6
1580 2865 1649 2895 ‘re-

916 2919 999 2951 licta
1015 2918 1169 2950 membra
1185 2918 1258 2950 sine
1274 2918 1371 2950 uiro.'
