1966 3329
245 203 261 240 1
270 204 291 240 2
739 206 799 244 SI
799 206 830 243 L
841 207 901 245 VA
944 207 990 244 M
993 207 1023 243 A
1029 207 1096 244 NI
1095 207 1158 244 LI
1159 210 1188 244 A
1197 208 1238 244 N
1240 207 1269 243 A
1278 237 1284 244 .

328 336 377 366 IV
401 327 483 367 243
506 340 593 382 sqq.

328 414 396 456 hic
427 415 470 456 in
502 430 540 457 u.
572 418 654 457 248
680 431 766 472 sqq.
806 417 1031 459 Bentleius
1061 417 1327 473 Scaligerum
1358 417 1636 458 festinantius
1668 431 1784 458 secu-

240 489 322 532 tus,
360 498 457 525 cum
491 484 543 525 ad
582 485 842 540 alchymiam
878 500 1007 540 quam
1046 491 1203 526 uocant
1237 492 1429 541 spectare
1460 485 1726 541 sumpsisset,
1761 500 1787 526 a

244 552 421 593 Manilio
458 552 589 594 talem
626 568 709 594 non
747 568 838 595 esse
874 554 998 595 facile
1032 555 1341 609 comprobauit.
1404 555 1482 596 hoc
1514 555 1630 596 enim
1662 554 1786 610 quasi

241 626 371 675 caput
419 626 496 670 est,
538 627 681 663 cetera
724 622 891 663 minora
932 623 1153 678 recisoquc
1195 623 1266 664 illo
1308 629 1352 664 et
1394 623 1487 678 ipsa
1528 624 1574 664 in
1622 638 1784 664 uanum

241 690 444 732 recident.
505 691 558 731 ad
591 691 737 732 omnia
770 692 964 734 breuiter
997 693 1277 748 respondebo.
1338 700 1557 735 auctorem
1591 699 1785 734 nostrum

241 774 479 814 numquam
508 773 681 802 eaezcrere
707 767 751 801 et
777 761 995 815 duplicari
1021 762 1215 803 actiuum
1242 768 1286 803 et
1319 763 1540 817 passiuuiu
1570 762 1629 803 sic
1656 762 1786 803 simul

239 826 569 868 coniuncturum
612 827 743 869 fuisse
788 828 952 870 dicunt.
1015 829 1088 870 sed
1131 844 1185 870 ne
1228 829 1298 870 hic
1334 830 1511 884 quidem
1549 829 1787 871 coniunxit.

240 896 424 951 abrupta
453 896 628 937 uidetur
658 897 890 938 sententia.
952 898 1220 953 abruperunt
1249 898 1422 940 librarii.
1477 899 1582 954 quid
1614 898 1787 940 multa?

244 966 419 1008 ueritati
441 966 634 1022 proxime
656 967 748 1023 ipse
767 968 993 1009 Bentleius
1017 983 1053 1010 u.
1070 970 1154 1010 248
1176 974 1273 1024 post
1296 984 1335 1010 u.
1359 970 1440 1010 249
1466 968 1789 1024 transponebat,

241 1035 441 1090 quamuis
468 1036 616 1077 “velut
649 1051 699 1077 ex
729 1037 1011 1092 alcliymistae
1038 1038 1162 1079 furno
1191 1038 1314 1093 quasi
1348 1044 1564 1078 recoctum
1596 1043 1646 1078 ut
1679 1052 1788 1092 pene

241 1105 352 1146 alius
374 1105 629 1147 videretur.''
692 1108 854 1148 recoxit
876 1107 991 1148 enim
1017 1113 1066 1148 ut
1090 1107 1243 1148 Medea
1267 1107 1444 1157 Peliam,
1466 1122 1561 1147 cum
1587 1107 1647 1148 sic
1670 1107 1789 1148 exhi-

242 1174 339 1215 buit
361 1176 699 1230 ‘materiamque
721 1176 869 1218 rudem
891 1191 990 1218 cara
1015 1175 1293 1231 duplicaverit
1320 1175 1437 1216 arte?
1500 1176 1617 1217 locus
1638 1175 1792 1217 leniori

244 1244 484 1286 medicinae
506 1245 661 1286 melius
682 1246 973 1301 respondebit,
997 1252 1260 1300 sanatusque
1283 1245 1342 1286 sic
1363 1245 1578 1300 prodibit:

360 1342 494 1383 Vesta
531 1349 640 1393 tuos,
670 1343 942 1398 Capricorne,
968 1345 1088 1385 fouet
1125 1343 1420 1398 penetralibus
1454 1343 1588 1398 ignes.
1709 1345 1793 1385 243

360 1410 604 1453 hinc-artes
637 1412 916 1468 studiumque
948 1412 1107 1463 trahit,
1138 1427 1238 1453 nam
1271 1412 1475 1467 quicquid
1509 1413 1553 1452 in
1585 1427 1688 1453 usus

360 1481 472 1536 ignis
503 1487 603 1537 eget
634 1482 858 1538 poscitque
896 1498 1029 1524 nouas
1063 1483 1116 1524 ad
1154 1497 1334 1523 munera
1359 1482 1566 1532 flammas,

361 1551 440 1591 sub
475 1557 519 1593 te
554 1552 816 1593 censendum
855 1559 944 1594 est:
982 1552 1163 1594 scrutari
1196 1567 1321 1593 caeca
1353 1552 1531 1593 metalla

361 1620 578 1675 depositas
610 1626 653 1662 et
690 1636 791 1677 opes
825 1628 1070 1677 terramque
1103 1637 1280 1663 exurere
1313 1622 1462 1673 uenis,
1707 1620 1790 1665 247

360 1690 566 1746 quicquid
598 1696 641 1732 et
671 1697 849 1746 argento
880 1692 1115 1733 fabricetur
1145 1691 1352 1746 quicquid
1384 1697 1427 1732 et
1459 1705 1562 1731 auro
1709 1691 1790 1732 249

361 1759 674 1814 materiamque
708 1775 837 1801 manu
870 1766 988 1801 certa
1019 1760 1261 1815 duplicariT
1295 1765 1338 1800 et
1370 1765 1472 1808 arte,
1710 1760 1793 1799 248

361 1828 474 1883 quod
506 1829 665 1869 ferrum
698 1828 825 1869 calidi
856 1829 1029 1870 soluant
1061 1836 1192 1884 atque
1226 1843 1325 1869 aera
1356 1827 1513 1870 camini

363 1903 749 1952 consumnientque
780 1897 861 1939 foci
894 1897 1107 1947 Cererem,
1139 1903 1216 1939 tua
1247 1911 1427 1938 munera
1458 1903 1644 1953 surgent.

333 1999 387 2040 de
409 1999 627 2040 sententia
648 1999 906 2041 conferenda
928 2006 1030 2041 sunt
1053 2014 1164 2054 quae
1193 1999 1304 2040 dixit
1327 2015 1396 2040 uu.
1420 2010 1450 2040 V
1475 1998 1555 2040 507
1579 2014 1680 2054 sqq„
1702 1999 1792 2041 loco

248 2084 272 2109 a
313 2069 512 2110 Bentleio
566 2069 711 2110 adlato
755 2074 763 2088 ‘
778 2069 964 2111 artifices
1012 2070 1107 2110 auri
1149 2069 1278 2110 faciet
1322 2069 1395 2124 qui
1443 2068 1559 2110 mille
1605 2068 1754 2124 figuris
1788 2068 1791 2125 Ι

247 2143 414 2179 uertere
437 2153 543 2193 opus
567 2139 729 2193 possint
752 2154 960 2194 caraeque
982 2139 1210 2195 adquirere
1233 2139 1378 2180 dotem
1406 2137 1410 2194 Ι
1440 2138 1671 2181 materiae?

338 2251 388 2280 IV
412 2242 494 2282 266
517 2254 606 2295 sqq.

335 2346 374 2372 u.
399 2333 480 2373 269
510 2332 563 2373 ad
587 2347 625 2373 u.
649 2334 731 2374 266
759 2338 953 2387 spectare
976 2332 1063 2373 iam
1095 2332 1287 2387 Scaliger
1311 2331 1543 2387 perspexit,
1566 2346 1663 2372 cum
1693 2331 1793 2373 huic

249 2401 373 2442 illum
403 2409 708 2456 praeponeret:
747 2403 920 2443 mallem
951 2402 1064 2443 hunc
1094 2403 1169 2452 illi,
1201 2417 1254 2443 ne
1291 2402 1381 2443 sine
1416 2402 1506 2442 ulla
1541 2401 1795 2443 necessitate

252 2471 488 2526 fingeretur
521 2470 727 2512 Manilius
762 2471 814 2512 de
846 2471 1012 2512 artibus
1043 2486 1148 2526 quas
1190 2472 1308 2512 fouet
1342 2471 1559 2526 Aquarius
1606 2470 1794 2525 primum

251 2539 504 2594 singillatim
533 2540 623 2593 (uu.
653 2541 914 2593 260—265),
937 2539 1092 2581 deinde
1120 2539 1362 2594 generatim
1392 2540 1482 2592 (uu.
1513 2541 1594 2581 266
1624 2545 1668 2580 et
1692 2541 1794 2593 269)

252 2609 420 2658 dixisse,
450 2624 547 2650 mox
580 2624 726 2650 rursus
762 2609 816 2650 ad
849 2609 1040 2664 singulas
1073 2608 1188 2661 (267,
1220 2610 1321 2661 268)
1354 2608 1592 2650 recurrisse.
1652 2608 1794 2663 ipsum

251 2694 288 2719 u.
315 2680 409 2728 269,
431 2678 569 2734 qualis
591 2679 766 2734 quidem
788 2678 832 2719 in
850 2678 1067 2720 codicibus
1090 2678 1288 2727 traditur,
1310 2678 1509 2733 ineptum
1533 2684 1577 2719 et
1599 2677 1794 2733 spurium

251 2747 449 2789 Bentleio
467 2748 609 2789 uisum
631 2763 721 2789 esse
744 2748 860 2789 haud
882 2747 1084 2802 equidem
1106 2747 1247 2797 miror,
1272 2747 1410 2788 multo
1433 2747 1572 2803 magis
1593 2762 1619 2788 a
1641 2746 1794 2788 ceteris

248 2815 485 2857 editoribus
517 2831 638 2871 posse
675 2831 775 2857 eum
810 2816 1028 2872 concoqui.
1086 2815 1196 2857 illud
1229 2830 1334 2871 quae
1368 2830 1498 2870 quam
1535 2815 1789 2857 inconcinne

248 2884 439 2926 dictum!
471 2890 584 2926 artes
615 2885 683 2926 liic
714 2885 871 2926 habere
903 2891 1124 2940 putasses,
1167 2899 1262 2926 ecce
1294 2891 1386 2926 rota
1427 2890 1623 2926 currente
1657 2899 1787 2940 opera
