1981 3334
659 665 887 713 CAPVT
958 665 1023 713 II.

492 798 572 840 DE
624 798 797 842 LOCIS
850 800 1193 842 CORRVPTIS.

162 939 178 970 1
203 930 339 970 242—
347 931 428 971 245

246 1010 356 1052 hanc
387 1011 461 1052 ubi
493 1010 544 1052 ad
578 1026 748 1053 occasus
780 1018 944 1054 nostros
976 1013 1036 1054 sol
1068 1013 1220 1069 aspicit
1251 1014 1414 1065 †ortus‚

247 1079 335 1122 illic
367 1086 460 1122 orta
490 1080 580 1122 dies
611 1082 771 1136 sopitas
803 1082 964 1124 excitat
996 1083 1131 1131 urbes,

248 1154 293 1190 et
323 1163 420 1190 cum
452 1149 546 1190 luce
578 1149 708 1191 refert
740 1165 916 1205 operum
950 1150 1196 1192 uadimonia
1228 1151 1364 1201 terris,

247 1232 323 1259 nos
353 1217 396 1259 in
430 1224 554 1260 nocte
586 1234 734 1260 sumus
765 1234 1018 1276 somnosque
1051 1221 1095 1261 in
1127 1221 1319 1262 membra
1352 1236 1564 1262 necamus,

161 1324 333 1366 operum
350 1310 597 1353 uadimonia
615 1311 711 1367 quis
728 1326 935 1367 umquam
952 1311 1080 1352 fando
1098 1311 1290 1352 audiuit?
1330 1311 1465 1352 scribe
1483 1324 1607 1366 oper-,1

76 1391 137 1421 ET
153 1379 242 1433 (uel
265 1382 340 1432 AO)
363 1380 622 1422 uadi71z07zz'a.
683 1396 793 1436 quae
817 1382 923 1422 bene
946 1381 1058 1422 inter
1079 1396 1121 1422 se
1144 1388 1427 1436 opponuntur.
1488 1395 1614 1434 opera

74 1449 189 1491 enim
218 1450 474 1492 rusticorum
505 1457 616 1500 sunt,
646 1452 894 1492 uadimonia
925 1451 1194 1493 urbanorum.
1260 1451 1371 1492 color
1398 1450 1476 1491 loci
1511 1449 1611 1490 Ver-

72 1519 259 1574 gilianus
281 1525 358 1570 est,
379 1521 427 1562 cf.
451 1521 556 1562 Aen.
582 1524 648 1562 11.
674 1524 755 1562 182
778 1536 836 1577 sq.
859 1521 1043 1562 ‘Aurora
1071 1521 1235 1562 interea
1266 1520 1430 1560 miseris
1458 1528 1613 1559 morta-

74 1587 188 1630 libus
223 1589 380 1630 almam
409 1588 413 1645 Ι
443 1590 658 1631 extulerat
699 1590 850 1639 lucem,
886 1590 1071 1645 referens
1111 1604 1237 1644 opera
1272 1595 1394 1643 atque
1431 1587 1613 1629 labores]

73 1657 228 1698 uocula
255 1664 438 1712 utraque
468 1658 513 1698 in
541 1658 756 1699 codicibus
786 1673 912 1699 manu
937 1658 1104 1712 scriptis
1126 1672 1222 1698 cum
1247 1673 1306 1697 -m
1328 1656 1611 1698 confunditur.

74 1726 248 1782 utrique
296 1726 425 1768 errori
475 1741 552 1768 sua
598 1741 725 1768 causa
773 1734 859 1768 est:
910 1727 1033 1768 alteri
1076 1726 1317 1767 litterarum
1367 1726 1410 1765 M
1450 1732 1493 1766 et
1533 1724 1610 1766 AC

75 1795 314 1837 similitudo
342 1810 448 1850 quas
476 1795 704 1836 minimum
733 1795 891 1836 distare
923 1802 1066 1836 monet
1095 1795 1391 1835 Lachmannus
1420 1794 1472 1835 ad
1495 1794 1614 1834 Lucr.

76 1867 112 1906 5.
142 1865 237 1915 241,
265 1879 350 1920 quo
372 1864 462 1905 loco
494 1864 667 1905 ‘natiuo
700 1864 771 1906 ac'
793 1878 866 1919 pro
898 1862 1132 1905 ‘natiuom'
1162 1863 1263 1918 ipse,
1285 1877 1381 1903 cum
1405 1862 1613 1918 Naugerii

76 1947 166 1975 esse
197 1933 370 1983 diceret,
410 1933 613 1988 reposuit,
655 1933 875 1974 Auancius
915 1935 1086 1974 ‘natiuo
1127 1931 1186 1974 et’
1227 1931 1463 1972 coniecerat
1503 1931 1615 1987 quod

76 2003 220 2045 minus
249 2003 392 2058 placet
423 2002 476 2044 ob
507 2002 805 2043 ‘mortalibus'
840 2003 882 2042 in
915 2006 984 2043 ‘ac
1021 2000 1247 2042 ortalibus’
1285 2007 1530 2055 corruptum
1572 2001 1615 2040 in

75 2072 291 2114 codicibus
332 2071 406 2126 (ib.
445 2074 480 2114 6.
521 2073 618 2124 10);
669 2071 793 2112 alteri
829 2071 999 2112 litterae
1041 2086 1080 2111 m
1123 2070 1303 2111 uerbum
1342 2070 1615 2111 terminantis

75 2142 238 2198 species
258 2142 311 2183 ad
341 2147 487 2183 notam
516 2155 602 2196 qua
630 2147 667 2183 et
695 2140 960 2196 significatur
989 2140 1160 2195 propius
1188 2138 1400 2180 accedens.
1462 2138 1539 2179 hoc
1570 2137 1613 2178 in

28 2244 31 2248 .
75 2211 271 2267 Properti
303 2211 393 2253 loco
428 2212 484 2265 (4.
520 2213 584 2252 11.
619 2212 692 2263 ’21)
723 2210 870 2252 ‘iuxta
909 2210 1100 2251 Minoida
1137 2207 1308 2257 sellam:
1340 2208 1413 2248 ubi
1451 2207 1614 2248 codices

75 2281 235 2337 partim
263 2280 411 2322 ‘sella'
441 2286 661 2335 praestant
690 2294 741 2320 ex
772 2279 923 2320 ‘sella'
958 2284 1111 2327 ortum,
1138 2277 1293 2332 partim
1322 2277 1449 2318 ‘sella
1477 2277 1535 2318 et’
1563 2290 1614 2317 ex

79 2355 88 2371 ‘
103 2349 251 2401 sella3'
273 2348 630 2391 animaduertisse
655 2348 760 2390 utile
783 2348 851 2389 sit.

165 2452 181 2482 1
214 2443 296 2484 269
328 2441 492 2496 dEriyit
522 2439 805 2489 scribendum,
837 2440 886 2481 cf.
918 2454 969 2481 ea
1001 2454 1111 2494 quae
1145 2453 1170 2479 a
1206 2437 1500 2493 Nettleshipio
1532 2436 1616 2477 dis-

76 2517 233 2569 putata
252 2518 354 2554 sunt
377 2512 686 2555 Contributions
715 2517 753 2554 to
775 2511 905 2553 Latin
929 2509 1225 2565 leoeicoyraplzy
1245 2523 1274 2550 s.
1297 2523 1335 2549 u.
1359 2508 1511 2562 deriyo.
1574 2514 1617 2547 ct

77 2582 136 2624 sic
157 2582 350 2625 derectus
374 2583 469 2632 284,
492 2593 541 2622 1v
565 2584 660 2624 601.

167 2685 184 2716 1
216 2673 443 2717 469—471

254 2759 481 2816 praecipue
513 2758 652 2801 medio
683 2773 781 2800 cum
813 2758 917 2798 luna
947 2755 1201 2812 implebitur
1232 2755 1331 2795 orbe

253 2836 370 2872 certa
400 2829 543 2870 nitent
575 2827 758 2878 mund03
797 2841 894 2868 cum
927 2826 1029 2866 luna
1060 2823 1258 2865 conditur
1289 2837 1413 2863 omne
1536 2821 1617 2862 470

254 2898 475 2941 stellarum
510 2896 676 2952 uulgus,
707 2895 882 2952 fugiunt
914 2894 1003 2935 siue
1036 2892 1206 2933 nominc
1238 2891 1368 2946 signa.
