1966 3329
294 204 314 239 6
321 204 343 238 8
929 198 960 234 Λ
968 198 988 233 l
992 196 1031 234 'I
1027 197 1191 235 ’ENDI
1193 195 1244 235 X.

292 322 364 359 hoc
384 326 517 359 tamen
533 319 682 357 inuidit
701 319 814 356 nobis
834 318 1006 365 fortuna,
1024 318 1205 368 quamuis
1226 331 1334 355 meae
1354 318 1435 368 ipse
1451 331 1522 355 nec
1537 331 1678 368 operae
1698 330 1831 368 peper-

292 387 410 424 cerim
440 400 511 424 nec
540 386 672 423 fronti.
731 385 864 434 plures
898 384 1002 422 enim
1039 385 1146 421 uiros
1180 384 1237 421 rei
1275 384 1561 421 astronomicae
1599 396 1755 434 gnaros,
1789 383 1832 419 in

292 451 436 501 quibus
474 451 695 488 Robertum
735 449 770 486 S.
815 449 998 495 Ballium,
1032 449 1205 498 equitem
1244 454 1440 497 auratum,
1480 449 1512 485 F
1515 449 1734 486 ranciscum
1764 448 1829 487 W.

294 517 515 566 Dysonum,
550 515 782 564 Philippum
822 515 877 551 H.
914 514 1157 561 Cowellium,
1195 515 1239 552 E.
1275 514 1327 551 H.
1367 514 1624 561 Knobelium‚
1656 514 1726 564 qui
1770 514 1834 551 uir

294 587 473 619 ueterum
501 594 655 631 quoque
681 579 946 616 astronomiae
973 579 1235 628 peritissimus
1261 585 1332 625 est,
1360 580 1469 616 adire
1495 579 1601 616 haud
1627 579 1779 622 erubui,
1800 579 1832 615 si

294 660 371 697 quo
400 659 533 684 eorum
569 645 720 681 auxilio
753 644 848 680 locis
880 645 1066 690 excussis,
1098 645 1242 694 quibus
1274 645 1403 682 sidera
1436 651 1557 694 quoto
1587 657 1675 681 cum
1705 643 1831 693 gradu

295 712 496 761 signorum
525 709 770 746 zodiacorum
801 709 956 758 singula
993 713 1199 757 surgerent
1227 723 1250 745 a
1285 709 1455 746 Manilio
1490 709 1706 756 narratur1,
1737 708 1834 746 certi

295 777 445 826 aliquid
466 776 676 813 lectoribus
696 778 993 824 proponeretur.
1048 774 1124 811 loci
1144 779 1279 812 tamen
1305 779 1466 812 tantum
1494 777 1598 813 inter
1627 788 1667 812 se
1697 775 1836 812 discre-

295 847 393 892 pant
412 845 459 877 ut
479 853 597 877 unam
617 839 714 876 caeli
734 838 876 876 faciem
899 839 1062 876 reddere
1089 839 1215 876 uideri
1244 845 1454 889 nequeant.
1514 853 1635 890 quare
1655 840 1719 877 hic
1739 841 1836 877 satis

296 907 349 944 sit
367 907 521 944 adicere
540 910 580 942 et
602 904 730 941 Ballio
750 908 790 941 et
812 904 973 953 Dysono
994 904 1124 941 uisum
1146 917 1227 941 esse
1247 918 1335 941 cum
1358 904 1593 941 Manilianis
1613 905 1835 942 rationibus

296 972 391 1009 satis
417 983 630 1020 congruere
657 970 741 1006 eius
767 969 903 1006 stellae
929 974 1059 1006 ortum
1081 983 1181 1020 quae
1203 970 1341 1020 Alpha
1363 970 1515 1019 Scorpii
1535 970 1584 1006 ab
1604 970 1835 1019 aequalibus

295 1037 453 1082 nostris,
481 1050 503 1072 a
531 1036 757 1072 Ptolemaeo
783 1047 877 1072 uero
904 1035 1081 1072 Ant-ares
1109 1040 1373 1084 nuncupatur,
1404 1035 1519 1072 stella
1554 1040 1711 1084 praeter
1740 1035 1838 1072 alias

297 1103 419 1140 rutila
438 1115 482 1139 ac
502 1101 714 1151 praeclara.

361 1295 373 1315 1
398 1300 478 1327 sunt
496 1305 552 1327 uu.
570 1297 622 1332 39,
641 1296 693 1330 58,
712 1295 764 1334 67,
786 1295 858 1333 102,
881 1295 953 1330 118,
973 1295 1045 1331 128,
1064 1294 1138 1332 141,
1166 1294 1239 1331 159,
1267 1294 1338 1330 174,
1366 1294 1438 1332 197,
1466 1293 1540 1332 206,
1564 1293 1639 1329 234,
1664 1292 1738 1327 251,
1762 1291 1835 1331 271,

298 1351 372 1388 294,
390 1351 462 1403 312,
481 1351 553 1388 325,
572 1350 646 1389 340,
666 1350 741 1388 358,
762 1350 836 1385 366,
854 1349 929 1386 450,
947 1349 1021 1385 491,
1040 1349 1114 1385 505,
1132 1349 1207 1384 538,
1226 1350 1300 1384 632,
1319 1348 1393 1386 642,
1414 1348 1488 1384 648,
1507 1347 1581 1380 657.
