1966 3329
290 216 312 253 6
319 217 340 253 2
791 212 845 250 S]
851 212 880 249 L
892 211 950 249 ΓΛ
996 211 1070 248 MA
1082 210 1152 248 NJ
1152 210 1182 248 L
1191 210 1240 247 ῙΑ
1250 209 1336 247 ΝΑ.

297 352 324 380 ι’
351 340 447 382 353.
507 342 589 381 uel
619 350 856 380 uersuum
890 339 1012 378 fines
1044 346 1091 376 IV
1125 337 1179 376 38
1202 350 1273 390 sq„
1306 346 1336 375 v
1369 336 1453 376 338
1475 349 1557 390 sq.:
1592 345 1655 376 III
1681 336 1717 384 ²7,
1738 335 1835 385 374,

293 409 389 450 530.

379 493 438 531 de
469 491 695 531 uersibus
726 490 1038 538 transpositis
1069 486 1138 527 adi
1171 485 1368 527 indicem.

379 582 682 623 constructio
704 582 831 620 male
857 581 1114 620 intellecta
1143 589 1177 618 11
1208 576 1303 625 716,
1327 588 1378 617 111
1403 578 1499 624 500,
1523 575 1628 617 637:
1664 578 1712 617 21
1738 576 1836 625 471,

291 662 353 692 III
371 652 468 699 377,
490 661 545 691 JV
562 650 658 689 8922).

378 736 694 784 interpolatio
731 737 945 787 quatenus
1002 732 1043 771 in
1083 731 1331 771 Manilianis
1364 730 1580 771 codicibus
1616 743 1837 784 progressa

291 805 347 846 sit
372 803 424 845 ad
454 804 632 858 plenum
661 800 922 855 inuestigare
952 805 1075 841 uetat
1101 800 1294 855 opusculi
1322 800 1449 841 huius
1474 799 1665 841 breuitas
1694 812 1835 840 neces-

291 873 401 915 saria
426 880 470 914 et
492 872 544 912 de
571 885 774 912 uersuum
802 869 978 924 quidem
1005 869 1337 924 interpolatione
1364 869 1502 911 multa
1527 868 1642 909 dicta
1666 873 1766 909 sunt
1792 867 1835 908 in

292 942 591 998 superioribus.
654 946 718 981 est
756 939 886 980 etiam
926 938 1044 979 aliud
1076 938 1289 994 quoddam
1329 937 1670 992 interpolationis
1702 951 1836 992 genus

294 1027 390 1053 cum
422 1025 581 1059 nemim,
614 1009 689 1065 qui
714 1008 894 1064 genuini
923 1023 976 1048 an
1008 1007 1141 1062 spurii
1171 1007 1257 1048 sint
1293 1007 1401 1048 nihil
1435 1007 1627 1055 interest,
1653 1006 1697 1046 in
1727 1005 1838 1046 locos

294 1081 456 1122 alienos
492 1078 763 1121 transtulerit
800 1077 1066 1118 indoctorum
1106 1076 1329 1117 hominum
1367 1077 1458 1117 siue
1500 1076 1681 1116 stolidus
1723 1089 1837 1116 error

294 1150 385 1190 siue
407 1163 541 1203 praua
564 1147 798 1202 refingendi
824 1147 966 1188 libido.
1029 1147 1085 1187 sic
1119 1147 1162 1187 in
1193 1145 1429 1187 secundum
1454 1145 1609 1186 librum
1633 1144 1837 1199 migrasse

295 1218 415 1258 uides
452 1229 486 1257 ΙΙ
526 1219 608 1258 232
646 1232 697 1257 ex
734 1221 897 1271 quarto.
960 1231 1100 1257 nonne
1132 1221 1253 1271 patet
1285 1217 1441 1256 causa?
1503 1229 1674 1255 uersum
1706 1229 1732 1255 a
1761 1228 1839 1254 sua

295 1287 393 1329 sede
426 1287 620 1327 auolsum
654 1285 851 1326 indoctus
883 1285 1037 1340 aliquis
1072 1300 1167 1326 cum
1204 1285 1387 1326 nesciret
1424 1284 1499 1325 ubi
1527 1284 1763 1332 collocaret,
1792 1283 1837 1324 in

295 1355 548 1411 Aquarium,
584 1370 710 1410 quem
749 1354 790 1394 in
831 1369 869 1395 u.
908 1356 987 1395 231
1031 1354 1166 1395 undas
1206 1354 1539 1408 profundentem
1582 1353 1838 1408 dispexerat‚

292 1425 481 1466 inuitum
505 1423 699 1465 coniecit.
760 1422 843 1463 iam
869 1437 907 1464 u.
931 1434 965 1463 11
996 1424 1079 1464 644
1103 1423 1414 1477 ‘contemplere
1441 1423 1581 1463 locum
1607 1421 1838 1476 sedemque

296 1493 527 1550 uagarum,’
565 1493 796 1534 distractus
832 1508 857 1534 a
896 1507 933 1533 u.
973 1495 1051 1534 651
1093 1493 1250 1534 ‘distat
1291 1493 1405 1534 enim
1443 1497 1646 1546 surgatne
1688 1491 1838 1532 eadem

295 1563 505 1604 subeatne
550 1561 755 1610 cadatne,'
797 1561 907 1602 sicut
949 1561 1171 1602 uerissime
1213 1561 1424 1602 iudicauit
1467 1560 1702 1610 BentleiuS,
1744 1566 1840 1615 post

298 1647 335 1673 u.
360 1633 443 1673 643
466 1630 694 1672 collocatus
719 1635 784 1671 est
810 1629 863 1670 ob
885 1644 977 1670 eam
1008 1630 1281 1685 potissimum
1311 1645 1481 1671 causam
1509 1636 1557 1671 ut
1582 1630 1684 1671 solis
1707 1630 1841 1685 siquis

296 1701 474 1742 haberet
511 1699 589 1740 sibi
628 1699 740 1754 quod
784 1714 835 1740 ex
877 1698 1090 1739 contraria
1131 1705 1252 1754 parte
1295 1699 1595 1754 responderet:
1638 1699 1753 1740 idem
1794 1699 1839 1740 in

299 1781 347 1810 IV
371 1771 455 1810 204
477 1783 536 1823 sq.
569 1769 728 1808 factum
761 1782 850 1808 esse
883 1782 1012 1822 supra
1039 1767 1273 1809 docuimus.
1336 1779 1370 1808 ΙΙ
1400 1770 1483 1809 409
1515 1767 1661 1809 amissi
1692 1782 1841 1809 uersus

300 1837 459 1887 sedem,
482 1844 531 1878 ut
564 1837 752 1885 uidetur,
775 1837 1030 1891 occupauit3
1062 1837 1145 1877 huc
1175 1836 1249 1892 qui
1281 1837 1443 1885 intulit,
1472 1838 1690 1879 contraria
1720 1838 1842 1891 (409)

301 1922 399 1948 cum
421 1906 648 1949 contrariis
669 1907 792 1959 (410)
814 1921 1071 1963 congregare
1094 1907 1244 1948 uoluit.

387 1977 520 2018 uerba
556 1990 725 2031 quoque
763 1975 879 2016 haud
915 1991 1001 2016 uno
1037 1975 1127 2017 loco
1164 1975 1425 2031 interpolata
1458 1990 1548 2017 esse
1585 1976 1659 2017 uix
1696 1975 1844 2031 negari

300 2060 422 2102 posse
451 2045 648 2086 uidetur:
691 2044 774 2085 duo
807 2050 979 2086 tantum
1012 2044 1210 2099 exempla
1238 2046 1448 2100 proferam
1479 2059 1682 2086 uersuum
1714 2045 1843 2087 metri

301 2130 429 2157 causa
478 2119 820 2156 attrectatorum.
902 2113 1170 2168 apertissime
1221 2113 1505 2168 interpolatus
1556 2120 1621 2155 est
1662 2126 1717 2156 ΙΙΙ
1760 2114 1840 2157 571

301 2186 475 2240 ‘bisque
516 2199 670 2225 nouem
715 2198 865 2225 nemee
899 2184 1064 2225 tribues
1100 2184 1354 2238 bessemque
1391 2184 1470 2225 sub
1504 2183 1611 2234 illis:
1644 2185 1845 2240 quamuis

303 2255 519 2309 Scaligero
555 2254 820 2308 imposuerit.
881 2253 1100 2302 Νθνηεαεθ,
1137 2253 1291 2294 Leonis
1331 2253 1614 2308 compellatio,
1648 2260 1843 2296 constan-

302 2331 368 2366 ter
408 2339 433 2364 a
474 2322 691 2365 codicibus
739 2323 986 2364 Manilianis
1030 2322 1075 2364 in
1121 2337 1258 2365 nemee
1301 2322 1586 2378 deprauatum
1632 2329 1709 2366 est.
1774 2324 1844 2365 hic

301 2392 515 2449 quispiam
544 2406 641 2432 cum
667 2391 907 2432 claudicare
933 2406 1106 2433 uersum
1137 2391 1526 2442 animaduertisset,
1554 2407 1767 2444 numeros,
1794 2398 1845 2436 ut

303 2461 436 2510 uides,
472 2459 706 2515 suppleuit.
767 2459 899 2515 uulgo
941 2459 1168 2514 corrigitur
1201 2460 1374 2515 ‘bisque
1411 2475 1581 2510 nouem,
1615 2461 1846 2511 Nemeaee,

304 2528 468 2572 dabis’:
509 2528 645 2583 possis
681 2528 814 2569 etiam
852 2528 941 2570 ‘bis
981 2540 1191 2580 TRIBVES,
1229 2529 1461 2580 Nemeaee‚
1497 2531 1696 2581 nouem';
1743 2547 1845 2573 nam

303 2599 421 2655 prius
444 2612 521 2653 que
542 2597 717 2638 fortasse
748 2612 799 2638 ex
825 2597 1055 2652 superioris
1085 2612 1234 2639 uersus
1264 2598 1388 2639 initio
1410 2603 1419 2618 ‘
1434 2599 1585 2654 Tuque
1603 2599 1611 2615 ’
1633 2599 1679 2641 in
1700 2600 1845 2641 inferi-

306 2682 423 2709 orem
450 2665 584 2707 uenit.
647 2664 733 2705 iam
756 2664 800 2706 in
824 2676 872 2706 IV
895 2667 976 2707 635
1001 2665 1128 2707 lectio
1151 2666 1355 2708 sincerior
1376 2681 1575 2709 numeros
1595 2669 1847 2723 pessumdat

303 2734 544 2790 ‘Aegyptia
590 2734 753 2789 Cypros
799 2734 997 2790 pulsatus
1042 2735 1246 2777 fluctibus
1292 2736 1453 2785 omnis‚'
1500 2737 1760 2792 interpolata
1801 2739 1846 2780 in

304 2806 419 2846 hunc
460 2803 638 2844 modum
678 2804 904 2844 restituere
946 2809 1126 2845 conatur
1161 2804 1383 2860 ‘pulsatur
1424 2805 1588 2861 Cypros
1629 2806 1847 2864 Aegyptia

304 2873 506 2917 fiuctibus
529 2871 688 2915 omnis.'
