1966 3329
254 201 303 239 10
742 203 799 239 SI
802 203 830 239 L
845 201 905 240 VA
948 201 1025 239 MA
1036 202 1107 239 NI
1108 202 1168 239 LI
1166 203 1196 239 Λ
1203 202 1291 239 NA.

250 321 381 376 [quod
406 321 615 377 Scaligeri
639 322 867 363 inuentum
892 322 977 376 est]
1002 327 1130 364 “vero
1148 336 1295 376 §erere
1316 320 1412 376 quis
1431 335 1637 376 umquam
1657 320 1792 361 dixit?

253 422 359 430 ......
367 389 495 440 Quid,
516 390 642 444 quod,
665 389 739 431 sub
766 396 938 445 ¹utroque
964 391 1139 445 triyono,
1162 390 1341 431 barbare
1369 390 1548 437 dictum,
1574 403 1648 443 pro
1676 394 1792 429 utro-

250 470 333 511 que
362 457 519 511 angulo
550 457 678 497 unius
708 456 866 510 trigoni
882 459 896 497 2
912 457 931 471 ”
965 456 1037 497 1110
1059 456 1112 497 de
1134 462 1390 511 argumento
1413 461 1594 510 purgato
1616 454 1792 495 demum

252 524 341 565 1000
376 524 644 576 uidebimus3
685 524 738 566 ad
772 525 850 566 hoc
888 525 994 566 satis
1029 525 1085 566 sit
1120 524 1388 579 respondisse
1422 531 1596 578 utroque
1631 523 1794 577 triyono

249 592 365 633 idem
399 592 481 633 sibi
511 593 622 633 uelle
646 599 775 647 atque
798 598 1006 648 ‘utroque
1037 593 1255 648 triangulo
1282 593 1430 648 signos
1496 607 1593 632 nain
1624 591 1794 646 trigona

251 662 374 717 signa
391 663 609 716 trigonum
632 662 826 702 efficiunt
844 668 891 703 ut
906 662 1117 717 quadrata
1134 663 1408 717 quadratum,
1424 677 1564 717 licque
1587 660 1794 702 dissimile

251 732 364 787 quod
396 732 565 787 scripsit
604 731 810 772 Manilius
843 747 881 772 u.
920 735 1001 772 555
1037 732 1208 774 ‘Chelis
1245 732 1358 786 quod
1393 739 1628 786 utrumque
1660 730 1794 785 quad-

253 807 394 841 ratum
417 802 503 849 est‚'
527 801 605 841 hoc
628 807 694 841 cst
716 806 967 856 ‘utrumque
990 816 1087 842 cum
1112 801 1258 843 Chelis
1285 801 1545 856 quadratum
1578 801 1796 842 efficiunt?

252 868 305 910 de
349 869 584 910 Maniliano
625 869 699 910 illo
740 869 813 910 sub
855 869 994 911 dicere
1038 870 1111 911 uix
1149 884 1255 924 opus
1298 876 1390 921 est;
1435 869 1608 911 consule
1649 869 1794 910 Iacobi

253 937 450 978 indicem.

342 1006 475 1047 totius
497 1006 575 1047 loci
598 1006 819 1047 sententia
842 1007 1070 1048 manifesta
1091 1015 1167 1056 est,
1181 1007 1342 1063 genitis
1365 1006 1513 1048 Ariete
1537 1021 1633 1047 cum
1653 1007 1796 1047 Leone

254 1082 297 1116 et
329 1075 566 1129 Sagittario
594 1076 755 1130 genitis
783 1091 925 1131 neque
957 1091 1104 1130 pacem
1136 1091 1305 1131 semper
1330 1091 1471 1130 neque
1499 1076 1661 1116 bellum
1693 1090 1796 1125 esse,

253 1145 355 1200 quia
390 1160 466 1199 pro
499 1151 692 1199 tempore
729 1151 903 1187 tantum
942 1146 1088 1186 feritas
1125 1145 1277 1186 horum
1311 1146 1518 1201 insurgat.
1581 1145 1625 1185 in
1655 1145 1798 1186 uerbis

253 1214 514 1269 corrigendis
544 1214 730 1268 primum
761 1229 837 1268 pro
869 1221 912 1256 (tt
945 1230 1049 1263 cum,
1076 1215 1182 1255 duce
1213 1215 1517 1256 Gemblacensi
1547 1215 1620 1270 qui
1649 1215 1797 1269 atquin

253 1283 442 1338 praebet,
459 1289 589 1332 αἰψ’]
607 1283 926 1324 emendandum
944 1290 1019 1324 est.
1069 1283 1270 1324 similiter
1290 1283 1406 1337 apud
1427 1284 1562 1324 Plaut.
1583 1283 1693 1324 Rucl.
1713 1284 1796 1324 760

253 1353 329 1403 (ΙΙΙ
351 1355 378 1393 4
402 1353 475 1404 55)
496 1352 615 1407 atqui
635 1352 680 1392 in
702 1353 849 1406 atquin
865 1358 1114 1406 corruptum
1133 1358 1208 1392 est.
1261 1367 1358 1392 mox
1375 1358 1541 1406 partus,
1563 1351 1796 1392 dummodo

253 1422 464 1463 sincerum
490 1421 546 1462 sit
568 1421 700 1476 (quod
725 1421 870 1462 nullus
891 1421 1077 1474 dubito),
1099 1421 1366 1476 corruptelae
1390 1427 1433 1462 et
1458 1423 1603 1476 parcit
1625 1427 1669 1462 et
1686 1422 1799 1476 967*th

254 1491 408 1546 arguit.
469 1495 716 1531 constanter
742 1490 857 1530 enim
880 1490 924 1530 in
948 1505 990 1531 re
1013 1491 1092 1530 tali
1114 1490 1340 1545 pluraliter
1361 1505 1386 1531 a
1407 1491 1587 1531 Manilio
1610 1491 1796 1532 effertur.

255 1576 329 1616 pro
352 1561 463 1615 {serit
493 1559 595 1600 olim
620 1566 772 1614 yermzt
800 1566 1038 1601 correctum
1071 1567 1148 1608 est,
1170 1575 1244 1615 pro
1267 1560 1414 1615 parcit
1442 1575 1611 1601 mecum
1634 1572 1801 1614 pac'EM

255 1630 451 1679 rescribe,
493 1629 608 1684 quod
655 1629 816 1683 optime
862 1643 960 1669 cum
1011 1643 1048 1669 u.
1092 1630 1176 1669 624
1219 1634 1439 1683 congruet.
1514 1628 1796 1670 Manilianam

255 1699 513 1740 locutionem
537 1698 769 1740 Sallustius
791 1697 998 1746 tuebitur,
1012 1697 1087 1752 qui
1103 1697 1199 1751 Iuy.
1222 1699 1287 1739 46.
1313 1700 1337 1738 8
1362 1703 1535 1751 ‘pacem
1558 1713 1611 1738 an
1634 1698 1796 1739 bellum

252 1767 420 1823 yerens'
452 1767 631 1822 scripsit.
693 1766 790 1821 quis
812 1782 913 1807 uero
936 1767 1223 1822 interpolator
1243 1767 1330 1808 tale
1359 1768 1591 1822 quicquam
1618 1782 1800 1808 ausurus

255 1839 380 1878 erat?
413 1837 496 1877 iam
520 1836 624 1889 coffl‘t
647 1835 880 1890 suspicioni
901 1835 1135 1876 obnoxium
1165 1842 1240 1877 est.
1295 1851 1435 1891 neque
1463 1836 1592 1885 enim,
1614 1835 1728 1891 quod
1754 1836 1799 1876 in

255 1917 304 1946 IV
334 1906 388 1946 84
417 1904 578 1959 legitur
605 1909 613 1923 ‘
632 1910 845 1960 coguntur
878 1910 1000 1945 tanta
1031 1905 1217 1955 moueri}
1247 1905 1351 1946 satis
1381 1905 1520 1946 simile
1553 1904 1729 1945 uidetur
1756 1910 1800 1945 et

255 1989 307 2016 ex
345 1989 382 2015 u.
414 1977 495 2016 619
534 1974 618 2014 fine
644 1974 728 2015 huc
759 1974 948 2028 irrepere
971 1974 1089 2015 omni
1115 1974 1240 2015 modo
1266 1974 1421 2029 potuit.
1483 1980 1579 2015 tum
1608 1988 1662 2014 ne
1690 1973 1798 2014 illud

255 2044 430 2099 quidem
462 2043 780 2099 neglegendum
803 2048 868 2083 est
890 2057 964 2097 pro
987 2044 1124 2098 mayis
1145 2043 1405 2084 Vossianum
1428 2054 1463 2083 ΙΙ
1489 2057 1651 2084 zcemens
1679 2057 1800 2097 prae—

255 2113 368 2162 bere,
384 2112 595 2167 glossema
615 2112 720 2152 illud
740 2112 916 2166 quidem
932 2112 1001 2153 sed
1022 2112 1342 2167 perantiquum.
1387 2112 1465 2152 hoc
1484 2111 1559 2166 qui
1573 2110 1796 2165 adscripsit

256 2196 342 2222 non
363 2180 500 2235 magis
528 2180 635 2235 cogit
660 2180 734 2221 sed
764 2180 882 2221 aliud
911 2180 1016 2235 quid
1046 2181 1091 2220 in
1120 2180 1265 2221 codice
1288 2195 1363 2221 suo
1388 2180 1578 2234 legerat3
1608 2179 1799 2234 alioquin

256 2256 464 2292 trementer
491 2250 740 2305 scripsisset.
798 2250 877 2290 hoc
899 2249 1052 2304 SI'Rgsit
1080 2249 1208 2290 fuisse
1230 2255 1347 2305 puto.
1409 2256 1544 2290 restat
1566 2263 1649 2291 esse
1670 2249 1796 2302 (622)

256 2319 371 2374 quod
390 2319 539 2360 Ellisio
556 2333 727 2373 quoque
749 2319 986 2359 rectissime
1008 2318 1241 2373 displicuit.
1289 2318 1367 2359 hoc
1389 2318 1607 2359 sollemnis
1628 2316 1800 2372 peperit

257 2388 460 2437 confusio,
488 2403 585 2429 cum
612 2399 716 2436 Ipse,
745 2387 824 2428 hoc
856 2392 921 2428 est
952 2387 1091 2437 etiam,
1117 2387 1237 2441 prius
1263 2387 1426 2428 fuisset.
1488 2387 1605 2428 locus
1632 2386 1692 2428 sic
1718 2385 1801 2427 tibi

258 2458 477 2499 redditur:

375 2555 500 2604 atquI
532 2548 731 2605 Lanigeri
764 2554 912 2603 partus
944 2548 1023 2589 sub
1054 2554 1237 2603 utroque
1270 2548 1440 2604 trigono

375 2635 460 2660 non
492 2630 642 2660 PACEM
673 2618 744 2659 sed
777 2633 874 2659 rara
905 2623 1063 2674 gerunt
1097 2633 1169 2672 pro
1200 2624 1396 2673 tempore
1428 2617 1556 2666 bella,
1717 2619 1798 2658 620

375 2689 490 2744 quod
522 2689 669 2730 feritas
700 2689 927 2743 utriusque
958 2688 1094 2742 magis
1127 2702 1203 2742 pro
1235 2693 1429 2742 tempore
1461 2698 1635 2728 SVRGIT.

375 2758 472 2813 plus
504 2763 648 2798 tamen
681 2757 723 2797 in
757 2756 919 2812 duplici
950 2756 1266 2797 numerandum
1302 2761 1367 2796 est
1398 2755 1570 2804 roboris,
1602 2766 1699 2795 IPSE

375 2827 445 2868 cui
476 2826 734 2868 commixtus
764 2826 892 2867 homo
924 2831 990 2867 est
1021 2840 1151 2880 quam
1184 2830 1241 2876 te,
1273 2825 1504 2874 Nemeaeo,
1538 2824 1618 2865 sub
1652 2838 1748 2865 uno.

371 2897 527 2939 idcirco
558 2903 603 2938 et
634 2913 717 2952 pax
749 2903 814 2938 est
846 2896 979 2952 signis
1012 2902 1056 2937 et
1088 2896 1224 2937 mixta
1256 2895 1461 2950 querella.
