1966 3329
293 209 342 246 46
791 207 881 246 SIL
894 207 954 246 VA
997 208 1075 244 MA
1086 206 1338 244 NILIANA.

381 336 424 372 et
466 330 544 372 hoc
587 344 756 385 quoque
797 329 898 378 loco,
941 335 991 370 ut
1032 328 1249 384 paulisper
1295 328 1350 370 ab
1400 327 1555 370 itinere
1599 328 1839 377 deflectam,

295 399 470 441 uidetur
490 400 707 441 obuersari
725 405 869 440 nostro
889 399 1145 453 Propertius.
1196 414 1293 440 nam
1314 404 1362 439 ut
1379 404 1543 440 taceam
1564 398 1616 439 de
1635 398 1839 454 Meleagri

298 468 482 509 flammis
504 468 755 510 absentibus
778 468 889 523 quod
912 467 1055 522 potuit
1079 467 1147 508 uel
1171 482 1223 508 ex
1247 467 1467 522 Propertio
1489 468 1546 520 (3.
1571 468 1635 508 22.
1666 467 1742 520 31)
1769 466 1839 508 uel

294 552 345 578 ex
390 537 548 579 Ouidio
585 538 717 591 (Fast.
753 541 789 579 5.
823 539 927 589 305)
964 537 1147 584 haurire,
1186 536 1290 577 illud
1330 536 1442 591 quod
1487 535 1684 589 sequitur
1718 540 1839 576 ‘mox

294 604 550 646 Atalanteos
573 610 774 645 conatum
798 604 906 645 ferre
928 604 1117 645 labores'
1141 610 1184 645 et
1212 618 1256 645 re
1280 604 1347 656 (cf.
1373 603 1560 658 Propert.
1586 605 1620 644 1.
1646 606 1680 644 1.
1704 605 1728 644 9
1751 616 1840 658 sqq.

294 673 528 714 ‘Milanion
572 673 710 714 nullos
752 673 966 726 fugiendo,
1008 673 1143 722 Tulle,
1185 672 1349 713 labores
1389 676 1394 720 Ι
1438 672 1665 713 saeuitiam
1708 670 1840 713 durae

293 742 490 784 contudit
532 742 718 791 Iasidos‚’
755 742 950 797 sequitur
987 742 1259 796 ‘Calydonea
1299 742 1419 796 rupe’
1462 741 1576 797 quod
1618 741 1732 782 idem
1776 746 1841 782 est

294 817 423 866 atque
451 811 662 852 ‘Arcadiis
691 811 888 867 rupibus’
911 810 965 852 ib.
991 812 1064 859 14)
1087 816 1130 851 et
1161 810 1304 851 uerbis
1330 810 1593 864 (‘conatum‚'
1622 809 1842 863 ‘labores')

295 880 564 935 Propertium
584 886 766 921 reuocat.
810 881 986 921 fortasse
1002 880 1132 921 etiam
1151 879 1331 921 ‘uidere’
1350 895 1375 921 a
1392 879 1626 934 Propertio,
1643 878 1842 934 quamuis

295 949 420 990 aliter
451 948 520 989 hic
552 948 732 998 dictum,
763 949 897 990 uenit.
957 963 1072 997 nam,
1107 948 1219 1003 quod
1254 947 1419 989 nemini
1452 948 1526 1003 qui
1558 953 1707 1003 poetas
1738 948 1843 1003 legit

294 1018 490 1073 ignotum
529 1032 620 1059 esse
656 1017 849 1067 arbitror,
894 1017 1090 1058 homines
1131 1016 1176 1058 hi
1216 1016 1405 1072 priorum
1450 1016 1582 1057 uerba
1622 1016 1842 1058 interdum

296 1094 511 1136 secuntur,
538 1087 775 1128 sententias
807 1087 1013 1128 deserunt
1044 1093 1230 1142 suntque
1262 1086 1327 1127 sui
1356 1086 1401 1127 in
1430 1086 1645 1127 locutione
1672 1085 1841 1128 aliena¹.

296 1155 514 1197 occasione
546 1155 649 1196 data
679 1154 908 1196 adiecerim
938 1155 1046 1196 illud
1078 1155 1123 1196 in
1154 1154 1375 1210 Propertio
1404 1154 1570 1196 ‘uidere
1598 1155 1723 1196 feras'
1750 1154 1841 1196 sine

296 1225 450 1266 idonea
487 1239 614 1265 causa
650 1239 741 1265 esse
779 1230 1053 1279 temptatum.
1118 1239 1216 1265 nam
1251 1223 1366 1279 quod
1403 1224 1526 1264 aiunt
1565 1223 1711 1266 uidere
1746 1229 1841 1264 tum

259 1348 270 1354 η
295 1294 470 1335 demum
507 1308 582 1348 pro
619 1293 743 1335 adire
778 1293 975 1348 usurpari
1016 1307 1115 1334 cum
1153 1298 1229 1334 aut
1270 1293 1386 1333 locus
1422 1298 1498 1333 aut
1534 1297 1676 1334 status
1710 1291 1842 1348 signi-

296 1363 460 1410 ficetur,
489 1363 645 1404 Latino
674 1362 859 1403 sermoni
886 1377 984 1403 suas
1014 1362 1129 1419 leges
1158 1362 1398 1417 imponunt.
1460 1362 1587 1403 testis
1610 1361 1839 1417 [Senecae]

294 1433 377 1488 Ay.
409 1434 492 1475 630
521 1447 609 1488 sqq.
638 1432 736 1487 ‘qui
777 1432 892 1474 uidet
930 1432 1071 1473 uultus
1111 1431 1370 1472 Acherontis
1412 1430 1496 1472 atri
1522 1430 1527 1486 Ι
1557 1431 1717 1486 quique
1757 1446 1840 1472 non

295 1501 430 1543 tristis
453 1501 590 1557 Styga
611 1502 780 1542 tristem
804 1501 926 1543 redire
952 1499 956 1556 Ι
986 1500 1141 1549 audet‚'
1165 1500 1289 1542 Ouid.
1310 1500 1408 1542 Met.
1434 1502 1498 1541 14.
1523 1501 1604 1540 125
1628 1514 1686 1555 sq.
1709 1505 1843 1555 ‘quae

296 1586 364 1612 me
400 1570 490 1612 loca
528 1570 676 1611 mortis
709 1570 842 1618 adire,
870 1567 875 1624 Ι
903 1583 1013 1624 quae
1055 1569 1146 1610 loca
1181 1583 1250 1609 me
1288 1568 1406 1610 uisae
1445 1568 1622 1609 uoluisti
1659 1568 1842 1610 euadere

296 1640 485 1691 mortis'3
517 1639 639 1680 uidet
669 1644 853 1679 mortem
876 1637 948 1693 qui
979 1638 1129 1679 mortis
1158 1637 1250 1679 loca
1275 1637 1378 1679 adit.
1440 1637 1608 1692 respuit
1632 1636 1843 1678 rationem

295 1710 414 1751 illam
439 1710 570 1751 etiam
594 1709 813 1765 Vergilius
835 1709 939 1749 Aen.
965 1709 1003 1749 3.
1025 1709 1101 1749 431
1135 1712 1143 1727 ‘
1159 1722 1288 1762 quam
1311 1707 1442 1748 semel
1465 1707 1690 1748 informem
1721 1711 1845 1748 uasto

295 1779 455 1821 ‘uidisse
475 1778 547 1820 sub
570 1784 691 1819 cmtro
719 1776 723 1833 Ι
753 1777 943 1832 Scyllam
964 1781 1007 1817 et
1029 1776 1234 1817 caeruleis
1256 1775 1433 1816 canibus
1454 1774 1700 1816 resonantia
1719 1775 1845 1817 saxa?

298 1848 366 1889 dic
397 1848 513 1889 enim
545 1846 678 1896 sodes,
712 1845 855 1900 Scylla
886 1845 972 1894 illa,
1004 1859 1113 1900 quae
1149 1844 1350 1885 ‘canibus
1385 1844 1556 1885 rabidas
1593 1844 1707 1886 inter
1739 1844 1844 1901 fera

296 1923 486 1973 serperet
509 1916 645 1958 undas
659 1917 667 1931 ⁹
689 1915 818 1969 (Pan.
841 1914 1070 1956 Messallae
1093 1913 1179 1967 72),
1200 1920 1347 1955 utrum
1378 1914 1494 1955 loeus
1527 1920 1630 1963 erat,
1652 1919 1701 1955 ut
1733 1919 1845 1955 esset

296 1988 412 2029 locus
439 1987 485 2028 in
513 1987 616 2036 loco,
644 2001 699 2026 an
728 1987 898 2026 status?
950 1990 1065 2025 certe
1095 1983 1170 2039 qui
1200 1983 1313 2025 uidit
1343 1983 1543 2039 Scyllam,
1565 1983 1678 2025 uidit
1699 1983 1843 2025 feram.

297 2062 346 2098 ut
368 2057 420 2098 ad
446 2055 598 2097 Manili
624 2054 905 2109 Propertique
934 2053 1185 2094 societatem
1212 2059 1415 2103 reuertar,
1437 2068 1580 2094 nonne
1606 2052 1845 2093 Maniliana

296 2125 370 2166 illa
399 2137 414 2165 Ι
446 2127 525 2166 511
551 2139 610 2179 sq.
643 2123 869 2164 ‘Troianos
899 2122 1058 2164 cineres
1087 2121 1132 2162 in
1154 2128 1366 2175 quantum
1389 2120 1523 2162 oblita
1547 2119 1705 2161 refouit
1731 2118 1736 2176 Ι
1765 2119 1843 2160 im-

298 2194 490 2249 perium!
541 2193 640 2233 fatis
669 2192 797 2232 Asiae
828 2191 913 2231 iam
949 2190 1131 2232 Graecia
1156 2204 1308 2244 pressa
1337 2188 1418 2231 est'
1445 2188 1585 2229 multa
1615 2188 1667 2229 de
1701 2187 1845 2243 quarti

298 2262 396 2304 libri
418 2261 654 2317 elegiarum
677 2259 863 2301 carmine
885 2260 1024 2314 primo
1048 2258 1092 2298 in
1114 2264 1307 2299 mentem
1330 2264 1558 2308 reuocant3
1586 2258 1622 2298 4.
1649 2259 1683 2298 1.
1709 2258 1762 2298 53
1784 2271 1845 2312 sq.

298 2338 306 2352 ‘
321 2332 480 2372 uertite
503 2345 675 2386 equum,
697 2328 851 2377 Danai,
872 2327 984 2368 male
1008 2327 1204 2377 uincitis3
1239 2326 1323 2367 Ilia
1344 2325 1473 2367 tellus
1503 2324 1507 2381 Ι
1533 2324 1658 2366 uiuet
1679 2330 1723 2366 et
1745 2324 1847 2366 huic

298 2400 430 2444 cineri
461 2399 659 2455 Iuppiter
688 2413 808 2439 arma
835 2397 980 2446 dabit,'
1012 2397 1066 2439 ib.
1098 2398 1179 2438 116
1213 2401 1281 2437 ‘et
1313 2401 1436 2436 natat
1465 2394 1635 2436 exuuiis
1663 2393 1846 2437 Graecia

292 2485 443 2526 pressa
460 2470 547 2510 suis
562 2470 569 2485 ’
588 2468 720 2522 (quod
735 2482 820 2508 non
838 2481 1075 2522 premerem
1093 2466 1176 2506 nisi
1193 2472 1426 2520 utrumque
1446 2465 1498 2505 de
1512 2464 1664 2505 Troiae
1681 2464 1847 2506 ultione

299 2539 541 2591 diceretur).
605 2537 687 2577 huc
713 2536 887 2577 accedet
921 2546 969 2575 IV
994 2537 1047 2576 23
1071 2549 1158 2590 sqq.
1181 2538 1281 2575 ‘aut
1312 2532 1395 2574 nisi
1426 2533 1517 2574 fata
1547 2532 1700 2574 darent
1731 2532 1847 2587 leges

300 2607 505 2662 uitaeque
538 2605 738 2661 necisque
764 2603 769 2660 Ι
798 2604 1010 2660 fugissent
1041 2604 1171 2658 ignes·
1194 2603 1421 2644 Aeneam?
1462 2601 1591 2643 Troia
1621 2601 1702 2643 sub
1729 2616 1816 2643 uno
1839 2601 1843 2656 Ι

343 2732 353 2751 ¹
386 2731 520 2770 insigne
558 2730 661 2761 huius
699 2729 750 2761 rei
791 2729 1038 2760 documentum
1107 2728 1199 2761 unde
1209 2729 1311 2760 fiuxit
1322 2729 1542 2768 comparatus
1556 2731 1655 2759 ‘nam
1666 2727 1696 2759 si
1706 2727 1845 2765 luxerit,

301 2786 471 2818 Martialis
492 2786 589 2817 locus
613 2786 643 2818 4.
671 2785 722 2817 86.
751 2786 770 2817 9
794 2794 842 2823 sq.
870 2784 920 2814 ‘si
943 2783 1036 2815 dam·
1107 2784 1151 2815 ad
1164 2783 1384 2815 librariorum
1404 2785 1408 2824 Ι
1430 2792 1567 2815 curram
1579 2781 1730 2814 scrinia.'
1752 2782 1846 2814 locos

300 2842 448 2879 nauerit,
466 2841 509 2873 ad
526 2841 732 2872 salariorum
753 2840 756 2882 Ι
779 2849 896 2871 curras
910 2838 1038 2870 scrinia
1107 2837 1257 2869 contulit
1273 2837 1407 2869 amicus
1423 2838 1543 2868 noster
1558 2836 1627 2869 Iac.
1646 2836 1688 2869 D.
1709 2836 1792 2867 Duff
1806 2836 1844 2867 in

300 2897 458 2938 protinus
483 2896 615 2928 licebit⁷
645 2905 722 2926 cum
750 2894 946 2926 Catulliano
978 2893 1038 2925 illo
1108 2892 1258 2925 editione
1274 2892 1333 2924 lib.
1351 2903 1371 2924 v
1386 2890 1526 2924 Lucreti
1541 2900 1574 2932 p.
1594 2891 1663 2924 xix.
