1966 3329
264 211 313 249 32
762 211 919 250 SILVA
963 210 1304 249 MANILIANA.

269 335 382 376 senis
430 335 554 376 modo
605 335 804 377 messibus
857 334 1041 390 peractis
1070 333 1075 390 1
1101 334 1174 375 uix
1227 347 1363 374 unum
1409 346 1517 386 puer
1564 329 1807 386 applicabat

266 404 450 446 annum.’
512 404 711 446 Martiale
745 403 851 444 duce
889 402 1097 445 mensibus
1137 401 1285 450 abicio,
1317 399 1519 443 messibus
1560 399 1804 453 amplector.

266 473 415 514 eodem
449 473 556 514 duee
590 472 781 528 applicat
817 472 928 527 quod
961 471 1003 512 in
1035 487 1073 512 u.
1110 473 1191 513 615
1225 470 1390 511 codices
1427 468 1633 510 exhibent
1661 473 1808 509 contra

269 540 514 581 Bentleium
534 540 716 594 (ampliat
733 539 946 593 legentem
971 544 1155 579 tuemur.
1208 537 1312 592 quid
1334 537 1379 578 in
1401 536 1484 576 fine
1507 535 1635 576 huius
1657 550 1807 578 uersus

267 624 342 664 pro
365 609 500 651 <motis
521 608 647 649 scribi
671 608 826 649 debeat
850 607 965 648 haud
989 607 1031 647 in
1053 613 1253 661 promptu
1279 611 1345 647 est
1367 604 1565 645 iudicare.
1627 603 1807 646 fortasse

266 684 380 719 reete
403 693 446 719 se
468 677 600 718 habet
621 692 780 718 (mnam
802 676 913 731 quod
937 675 1118 716 coniecit
1140 675 1265 715 idem.
1328 673 1442 729 quod
1474 673 1505 714 si
1536 673 1640 714 duos
1661 688 1808 715 cursus

267 748 389 800 (610)
411 747 552 801 spatia
581 747 705 798 (615)
726 750 770 786 et
792 744 905 799 quod
929 744 1165 784 maximum
1190 749 1266 791 est,
1287 747 1405 784 actus
1425 741 1527 783 solis
1548 742 1671 795 (595)
1693 741 1806 796 quod

266 831 363 857 oum
395 815 541 856 Ellisio
578 820 691 855 reete
725 812 1010 868 amplectaris,
1043 811 1277 852 contuleris
1311 810 1424 851 haud
1459 811 1544 851 scio
1577 825 1631 851 an
1663 810 1808 865 potius

267 884 494 938 legendum
519 888 644 937 putes
668 893 837 923 ACTVM.
895 881 1045 922 eodem
1073 880 1197 921 modo
1225 879 1339 934 apud
1370 879 1619 919 Lucretium
1641 890 1671 919 V
1696 880 1808 921 1330

267 958 275 973 ‘
291 953 489 994 adactus'
512 953 557 993 in
580 951 834 993 ‘adauctus'
858 956 1108 1005 corruptum
1132 955 1207 990 est.

354 1021 545 1062 Huetius
586 1026 711 1069 recte,
753 1026 803 1061 ut
846 1019 1033 1069 uidetur,
1074 1018 1367 1073 quaclmyenos
1407 1032 1482 1072 pro
1525 1016 1812 1072 quadrayeozis

267 1091 358 1144 (uel
373 1106 470 1131 -nzcs
485 1096 535 1131 ut
551 1090 623 1141 V2)
638 1089 825 1130 dederat.
859 1089 1018 1143 pendet
1035 1094 1180 1129 tamen
1202 1086 1308 1128 illud
1324 1087 1368 1128 in
1386 1093 1503 1128 aetus
1525 1101 1664 1142 neque
1679 1086 1811 1127 habet

267 1174 351 1214 quo
372 1159 592 1200 referatur.
653 1173 728 1213 pro
751 1164 842 1200 erat
864 1157 998 1198 scribe
1021 1168 1107 1198 EAT
1129 1157 1241 1212 quod
1265 1157 1309 1196 in
1332 1162 1423 1198 erat
1443 1171 1580 1211 paene
1598 1170 1810 1210 nusquam

268 1244 293 1269 a
322 1228 570 1269 Manilianis
602 1227 722 1269 libris
752 1242 836 1268 non
865 1233 1112 1281 corruptum
1143 1232 1217 1267 est.
1281 1241 1332 1266 ne
1362 1225 1407 1266 in
1437 1231 1525 1267 ‘eat
1555 1225 1635 1266 nisi
1657 1226 1810 1268 desset’

270 1298 455 1339 offensus
484 1298 641 1338 frustra
663 1297 767 1339 desit
789 1297 981 1345 conicias,
1006 1297 1110 1337 haec
1133 1302 1177 1337 et
1199 1295 1357 1336 similia
1378 1296 1651 1350 frequentare
1673 1295 1811 1337 solent

269 1369 433 1422 poetae,
470 1373 520 1407 ut
561 1366 700 1408 Plaut.
738 1366 830 1407 Mil.
876 1368 986 1408 1356
1029 1366 1087 1406 ‘si
1122 1365 1185 1406 ita
1221 1365 1302 1406 tibi
1337 1365 1552 1406 sententia
1585 1371 1697 1414 esset,
1731 1365 1812 1407 tibi

268 1438 427 1479 seruire
449 1436 672 1478 maneam?

357 1507 618 1562 templorum
640 1504 831 1546 condicio
861 1519 912 1545 ea
939 1518 1031 1545 esse
1060 1502 1236 1544 uidetur
1256 1509 1306 1544 ut-
1327 1503 1372 1543 in
1394 1502 1470 1543 tris
1493 1502 1646 1544 classes
1674 1502 1813 1544 diuidi

270 1576 444 1632 possint,
467 1576 512 1617 in
539 1590 721 1631 quorum
744 1574 926 1630 singulis
947 1573 1119 1615 diuersa
1142 1572 1305 1614 ratione
1329 1572 1577 1614 decrescant
1598 1572 1778 1615 numeri.

724 1689 741 1719 I
765 1687 895 1719 Classis
1137 1687 1172 1717 II
1198 1686 1326 1718 Classis
1539 1686 1594 1718 111
1619 1687 1748 1719 Classis

664 1750 687 1790 I
788 1748 842 1790 78
1081 1748 1120 1788 V
1218 1750 1271 1790 68
1461 1748 1527 1788 IX
1622 1750 1676 1789 42

457 1853 463 1860 .
589 1754 616 1923 ἶ
647 1819 692 1859 Π
793 1817 845 1859 77
1069 1817 1133 1857 VI
1215 1819 1268 1858 63
1476 1817 1518 1858 X
1624 1820 1678 1860 23

315 1853 564 1907 (Gardmes)
634 1888 707 1929 ΠΙ
788 1887 841 1929 76
1053 1887 1143 1927 VH
1221 1888 1271 1927 57
1463 1887 1531 1928 XI
1624 1890 1678 1929 13

600 1925 703 2008 [IV
774 1956 867 2012 [72]
1046 1956 1159 1997 vm
1222 1958 1275 1997 50
1451 1956 1544 1998 XII
1635 1957 1698 2012 [6]

361 2053 612 2109 priusquam
656 2069 681 2095 a
730 2055 819 2095 loco
867 2054 1095 2103 discedam,
1137 2053 1401 2095 monendum
1444 2059 1509 2095 est
1551 2053 1815 2109 Sealigerum

275 2123 398 2164 illum
436 2138 695 2179 magnopere
729 2124 774 2164 in
806 2123 979 2179 septimi
1008 2123 1162 2178 templi
1188 2137 1365 2164 numero
1402 2138 1562 2165 errasse
1595 2139 1694 2165 cum
1726 2129 1818 2166 ‘ter

275 2193 448 2235 uicenos
487 2193 697 2248 geminat'
739 2193 863 2248 quasi
905 2204 1000 2234 CXX
1042 2208 1175 2234 annos
1219 2193 1417 2243 efficeret,
1448 2193 1815 2249 interpretaretur,

276 2263 435 2304 oblitus
472 2263 634 2305 scilicet
666 2264 712 2304 in
749 2264 976 2319 teryemino
1012 2263 1210 2318 Geryona
1240 2278 1326 2304 non
1357 2277 1431 2304 sex
1464 2263 1661 2305 homines
1688 2264 1818 2306 fuisse

273 2331 347 2372 sed
376 2336 474 2374 treS.

361 2438 410 2468 1v
432 2429 456 2469 6
480 2441 538 2482 sq.

448 2512 759 2568 pauperiorque
790 2512 913 2553 bonis
943 2512 1125 2568 quisque
1157 2518 1222 2553 est
1253 2527 1337 2568 quo
1368 2513 1494 2568 plura
1523 2514 1702 2570 requirit

449 2597 528 2623 neo
550 2582 662 2637 quod
684 2582 816 2623 habet
837 2588 1049 2631 numerat,
1071 2588 1243 2623 tantum
1266 2582 1379 2637 quod
1401 2598 1486 2624 non
1507 2583 1641 2625 habet
1662 2590 1794 2640 optat.

363 2689 388 2715 a
415 2674 625 2729 principio
659 2673 757 2714 libri
790 2688 925 2728 usque
961 2673 1013 2714 ad
1044 2689 1084 2715 u.
1116 2675 1168 2714 12
1198 2673 1329 2715 finem
1357 2680 1486 2729 poeta
1515 2674 1561 2715 in
1592 2674 1816 2718 hominum

278 2743 511 2785 stultitiam
534 2743 742 2784 inuehens
763 2743 1122 2800 interrogationes
1144 2743 1269 2785 solito
1291 2749 1507 2785 oratorum
1529 2744 1711 2786 artificio
1727 2746 1817 2787 uel-

278 2817 328 2854 ut
344 2811 696 2868 indignabundus
718 2812 974 2867 frequentat.
1027 2812 1081 2854 ab
1104 2812 1183 2854 hac
1205 2812 1409 2854 orationis
1430 2813 1475 2854 ui
1497 2818 1628 2868 atque
1645 2819 1818 2856 conten-

278 2881 395 2923 tione
422 2882 533 2923 color
555 2881 708 2923 horum
730 2896 948 2932 uersuum,
969 2882 1137 2938 placide
1166 2881 1269 2938 quid
1298 2882 1466 2938 placeat
1495 2883 1819 2939 exponentium,
