<?xml version="1.0" encoding="UTF-8"?>
<!DOCTYPE html PUBLIC "-//W3C//DTD XHTML 1.0 Transitional//EN"
    "http://www.w3.org/TR/xhtml1/DTD/xhtml1-transitional.dtd">
<html xmlns="http://www.w3.org/1999/xhtml" xml:lang="en" lang="en">
 <head>
  <title>
</title>
<meta http-equiv="Content-Type" content="text/html;charset=utf-8" />
  <meta name='ocr-system' content='tesseract 3.04.00' />
  <meta name='ocr-capabilities' content='ocr_page ocr_carea ocr_par ocr_line ocrx_word'/>
</head>
<body>
  <div class='ocr_page' id='page_1' title='image "./silvamaniliana00postuoft_0030.png"; bbox 0 0 1966 3329; ppageno 0'>
   <div class='ocr_carea' id='block_1_1' title="bbox 309 214 1346 259">
    <p class='ocr_par' dir='ltr' id='par_1_1' title="bbox 309 214 1346 259">
     <span class='ocr_line' id='line_1_1' title="bbox 309 214 1346 259; baseline -0.006 0"><span class='ocrx_word' id='word_1_1' title='bbox 309 221 357 259; x_wconf 85' lang='lat'>18</span> <span class='ocrx_word' id='word_1_2' title='bbox 802 218 860 256; x_wconf 80' lang='lat' dir='ltr'>SI</span> <span class='ocrx_word' id='word_1_3' title='bbox 860 218 891 255; x_wconf 89' lang='lat' dir='ltr'><em>L</em></span> <span class='ocrx_word' id='word_1_4' title='bbox 904 218 934 256; x_wconf 86' lang='lat' dir='ltr'><em>V</em></span> <span class='ocrx_word' id='word_1_5' title='bbox 934 219 961 253; x_wconf 73' lang='lat' dir='ltr'><strong><em>A</em></strong></span> <span class='ocrx_word' id='word_1_6' title='bbox 1005 217 1055 254; x_wconf 83' lang='lat' dir='ltr'><em>M</em></span> <span class='ocrx_word' id='word_1_7' title='bbox 1053 217 1080 253; x_wconf 81' lang='grc' dir='ltr'><em>Α</em></span> <span class='ocrx_word' id='word_1_8' title='bbox 1092 216 1160 254; x_wconf 74' lang='lat' dir='ltr'>Nl</span> <span class='ocrx_word' id='word_1_9' title='bbox 1163 214 1222 253; x_wconf 84' lang='lat' dir='ltr'>LI</span> <span class='ocrx_word' id='word_1_10' title='bbox 1222 217 1250 252; x_wconf 75' lang='lat' dir='ltr'>A</span> <span class='ocrx_word' id='word_1_11' title='bbox 1258 215 1303 252; x_wconf 91' lang='lat' dir='ltr'><em>N</em></span> <span class='ocrx_word' id='word_1_12' title='bbox 1301 215 1329 251; x_wconf 81' lang='lat' dir='ltr'><strong><em>A</em></strong></span> <span class='ocrx_word' id='word_1_13' title='bbox 1339 246 1346 253; x_wconf 93' lang='lat'>.</span> 
     </span>
    </p>
   </div>
   <div class='ocr_carea' id='block_1_2' title="bbox 310 335 1850 468">
    <p class='ocr_par' dir='ltr' id='par_1_2' title="bbox 310 335 1850 468">
     <span class='ocr_line' id='line_1_2' title="bbox 1256 335 1850 380; baseline -0.005 0"><span class='ocrx_word' id='word_1_14' title='bbox 1256 338 1373 380; x_wconf 74' lang='lat' dir='ltr'>Sext.</span> <span class='ocrx_word' id='word_1_15' title='bbox 1397 338 1529 380; x_wconf 75' lang='lat' dir='ltr'>Math.</span> <span class='ocrx_word' id='word_1_16' title='bbox 1555 350 1605 379; x_wconf 82' lang='grc' dir='ltr'>ΙΧ</span> <span class='ocrx_word' id='word_1_17' title='bbox 1629 340 1710 379; x_wconf 80' lang='lat'>120</span> <span class='ocrx_word' id='word_1_18' title='bbox 1735 335 1850 378; x_wconf 81' lang='grc' dir='ltr'>ὥστε</span> 
     </span>
     <span class='ocr_line' id='line_1_3' title="bbox 310 404 1850 468; baseline -0.006 -12"><span class='ocrx_word' id='word_1_19' title='bbox 310 415 406 458; x_wconf 86' lang='grc' dir='ltr'>ἐπεὶ</span> <span class='ocrx_word' id='word_1_20' title='bbox 436 414 510 457; x_wconf 88' lang='grc' dir='ltr'>καὶ</span> <span class='ocrx_word' id='word_1_21' title='bbox 541 412 562 456; x_wconf 88' lang='grc' dir='ltr'>ὁ</span> <span class='ocrx_word' id='word_1_22' title='bbox 590 412 754 468; x_wconf 74' lang='grc' dir='ltr'>κόσμος</span> <span class='ocrx_word' id='word_1_23' title='bbox 777 410 862 454; x_wconf 79' lang='grc' dir='ltr'>ὑπὸ</span> <span class='ocrx_word' id='word_1_24' title='bbox 892 411 1063 465; x_wconf 78' lang='grc' dir='ltr'>φύσεως</span> <span class='ocrx_word' id='word_1_25' title='bbox 1093 408 1318 451; x_wconf 83' lang='grc' dir='ltr'>διοικεῖται</span> <span class='ocrx_word' id='word_1_26' title='bbox 1340 406 1589 464; x_wconf 83' lang='grc' dir='ltr'>πολυμερὴς</span> <span class='ocrx_word' id='word_1_27' title='bbox 1612 404 1850 456; x_wconf 75' lang='grc' dir='ltr'>καθεστώς,</span> 
     </span>
    </p>
   </div>
   <div class='ocr_carea' id='block_1_3' title="bbox 309 340 1194 396">
    <p class='ocr_par' dir='ltr' id='par_1_3' title="bbox 309 340 1194 396">
     <span class='ocr_line' id='line_1_4' title="bbox 309 340 1194 396; baseline -0.007 -10"><span class='ocrx_word' id='word_1_28' title='bbox 309 344 469 386; x_wconf 88' lang='lat' dir='ltr'>mundo</span> <span class='ocrx_word' id='word_1_29' title='bbox 490 350 535 387; x_wconf 82' lang='lat' dir='ltr'>et</span> <span class='ocrx_word' id='word_1_30' title='bbox 557 344 598 385; x_wconf 90' lang='lat' dir='ltr'>in</span> <span class='ocrx_word' id='word_1_31' title='bbox 622 342 796 384; x_wconf 86' lang='lat' dir='ltr'>homine</span> <span class='ocrx_word' id='word_1_32' title='bbox 818 356 954 396; x_wconf 82' lang='lat' dir='ltr'>aeque</span> <span class='ocrx_word' id='word_1_33' title='bbox 977 340 1194 395; x_wconf 73' lang='lat' dir='ltr'>adpareat.</span> 
     </span>
    </p>
   </div>
   <div class='ocr_carea' id='block_1_4' title="bbox 308 476 1870 2540">
    <p class='ocr_par' dir='ltr' id='par_1_4' title="bbox 308 476 1868 2402">
     <span class='ocr_line' id='line_1_5' title="bbox 308 476 1850 538; baseline -0.006 -12"><span class='ocrx_word' id='word_1_34' title='bbox 308 484 373 536; x_wconf 76' lang='grc' dir='ltr'>εἴη</span> <span class='ocrx_word' id='word_1_35' title='bbox 403 483 453 525; x_wconf 68' lang='grc' dir='ltr'>ἄν</span> <span class='ocrx_word' id='word_1_36' title='bbox 481 501 525 525; x_wconf 83' lang='grc' dir='ltr'>τι</span> <span class='ocrx_word' id='word_1_37' title='bbox 561 483 604 524; x_wconf 87' lang='grc' dir='ltr'>ἐν</span> <span class='ocrx_word' id='word_1_38' title='bbox 636 481 755 538; x_wconf 78' lang='grc' dir='ltr'>αὐτῷ</span> <span class='ocrx_word' id='word_1_39' title='bbox 789 479 843 523; x_wconf 80' lang='grc' dir='ltr'>τὸ</span> <span class='ocrx_word' id='word_1_40' title='bbox 888 481 1120 535; x_wconf 86' lang='grc' dir='ltr'>κυριεῦον</span> <span class='ocrx_word' id='word_1_41' title='bbox 1155 478 1229 520; x_wconf 86' lang='grc' dir='ltr'>καὶ</span> <span class='ocrx_word' id='word_1_42' title='bbox 1268 477 1317 519; x_wconf 86' lang='grc' dir='ltr'>τὸ</span> <span class='ocrx_word' id='word_1_43' title='bbox 1357 476 1850 533; x_wconf 86' lang='grc' dir='ltr'>προκαταρχόμενον</span> 
     </span>
     <span class='ocr_line' id='line_1_6' title="bbox 309 544 1851 605; baseline -0.006 -11"><span class='ocrx_word' id='word_1_44' title='bbox 309 554 395 594; x_wconf 86' lang='grc' dir='ltr'>τῶν</span> <span class='ocrx_word' id='word_1_45' title='bbox 418 551 638 605; x_wconf 86' lang='grc' dir='ltr'>κινήσεων,</span> <span class='ocrx_word' id='word_1_46' title='bbox 661 551 834 591; x_wconf 83' lang='grc' dir='ltr'><strong>Νο11105.</strong></span> <span class='ocrx_word' id='word_1_47' title='bbox 857 549 907 591; x_wconf 77' lang='lat' dir='ltr'>de</span> <span class='ocrx_word' id='word_1_48' title='bbox 928 548 1029 590; x_wconf 68' lang='lat' dir='ltr'>Nat.</span> <span class='ocrx_word' id='word_1_49' title='bbox 1055 548 1180 589; x_wconf 79' lang='lat' dir='ltr'>Hom.</span> <span class='ocrx_word' id='word_1_50' title='bbox 1205 562 1242 602; x_wconf 91' lang='lat' dir='ltr'>p.</span> <span class='ocrx_word' id='word_1_51' title='bbox 1268 549 1320 588; x_wconf 72' lang='lat'>96</span> <span class='ocrx_word' id='word_1_52' title='bbox 1356 545 1503 596; x_wconf 82' lang='grc' dir='ltr'>Ζήνων</span> <span class='ocrx_word' id='word_1_53' title='bbox 1533 545 1578 587; x_wconf 84' lang='grc' dir='ltr'>δὲ</span> <span class='ocrx_word' id='word_1_54' title='bbox 1607 544 1628 587; x_wconf 90' lang='grc' dir='ltr'>ὁ</span> <span class='ocrx_word' id='word_1_55' title='bbox 1659 544 1851 589; x_wconf 76' lang='grc' dir='ltr'>Στωικὸς</span> 
     </span>
     <span class='ocr_line' id='line_1_7' title="bbox 310 612 1849 676; baseline -0.005 -13"><span class='ocrx_word' id='word_1_56' title='bbox 310 620 526 676; x_wconf 81' lang='grc' dir='ltr'>ὀκταμερῆ</span> <span class='ocrx_word' id='word_1_57' title='bbox 570 623 708 676; x_wconf 83' lang='grc' dir='ltr'>φησιν</span> <span class='ocrx_word' id='word_1_58' title='bbox 749 618 859 661; x_wconf 86' lang='grc' dir='ltr'>εἶναι</span> <span class='ocrx_word' id='word_1_59' title='bbox 896 619 974 669; x_wconf 80' lang='grc' dir='ltr'>τὴν</span> <span class='ocrx_word' id='word_1_60' title='bbox 1007 618 1180 673; x_wconf 75' lang='grc' dir='ltr'>ψυχήν,</span> <span class='ocrx_word' id='word_1_61' title='bbox 1217 615 1395 670; x_wconf 81' lang='grc' dir='ltr'>διαιρῶν</span> <span class='ocrx_word' id='word_1_62' title='bbox 1431 615 1566 667; x_wconf 78' lang='grc' dir='ltr'>αὐτὴν</span> <span class='ocrx_word' id='word_1_63' title='bbox 1608 615 1667 661; x_wconf 79' lang='grc' dir='ltr'>εἴς</span> <span class='ocrx_word' id='word_1_64' title='bbox 1707 632 1755 657; x_wconf 92' lang='grc' dir='ltr'>τε</span> <span class='ocrx_word' id='word_1_65' title='bbox 1795 612 1849 656; x_wconf 84' lang='grc' dir='ltr'>τὸ</span> 
     </span>
     <span class='ocr_line' id='line_1_8' title="bbox 310 682 1853 744; baseline -0.005 -13"><span class='ocrx_word' id='word_1_66' title='bbox 310 688 609 744; x_wconf 60' lang='grc' dir='ltr'>ἡγεμονικὸν</span> <span class='ocrx_word' id='word_1_67' title='bbox 638 687 711 730; x_wconf 86' lang='grc' dir='ltr'>καὶ</span> <span class='ocrx_word' id='word_1_68' title='bbox 741 688 801 732; x_wconf 74' lang='grc' dir='ltr'>εἰς</span> <span class='ocrx_word' id='word_1_69' title='bbox 826 687 901 730; x_wconf 68' lang='grc' dir='ltr'>τὰς</span> <span class='ocrx_word' id='word_1_70' title='bbox 930 686 1061 728; x_wconf 80' lang='grc' dir='ltr'>πέντε</span> <span class='ocrx_word' id='word_1_71' title='bbox 1092 685 1320 737; x_wconf 74' lang='grc' dir='ltr'>αἰσθήσεις</span> <span class='ocrx_word' id='word_1_72' title='bbox 1350 685 1423 727; x_wconf 89' lang='grc' dir='ltr'>καὶ</span> <span class='ocrx_word' id='word_1_73' title='bbox 1453 685 1512 730; x_wconf 75' lang='grc' dir='ltr'>εἰς</span> <span class='ocrx_word' id='word_1_74' title='bbox 1535 683 1583 726; x_wconf 85' lang='grc' dir='ltr'>τὸ</span> <span class='ocrx_word' id='word_1_75' title='bbox 1607 682 1853 739; x_wconf 82' lang='grc' dir='ltr'>φωνητικὸν</span> 
     </span>
     <span class='ocr_line' id='line_1_9' title="bbox 311 751 1854 813; baseline -0.004 -14"><span class='ocrx_word' id='word_1_76' title='bbox 311 758 383 800; x_wconf 86' lang='grc' dir='ltr'>καὶ</span> <span class='ocrx_word' id='word_1_77' title='bbox 426 757 475 799; x_wconf 82' lang='grc' dir='ltr'>τὸ</span> <span class='ocrx_word' id='word_1_78' title='bbox 516 755 828 813; x_wconf 87' lang='grc' dir='ltr'>σπερματικόν,</span> <span class='ocrx_word' id='word_1_79' title='bbox 870 755 989 796; x_wconf 83' lang='lat' dir='ltr'>Sext.</span> <span class='ocrx_word' id='word_1_80' title='bbox 1026 753 1162 795; x_wconf 75' lang='lat' dir='ltr'>Matle.</span> <span class='ocrx_word' id='word_1_81' title='bbox 1198 765 1265 794; x_wconf 89' lang='lat' dir='ltr'>VII</span> <span class='ocrx_word' id='word_1_82' title='bbox 1310 756 1392 795; x_wconf 76' lang='lat'>234</span> <span class='ocrx_word' id='word_1_83' title='bbox 1430 753 1545 809; x_wconf 83' lang='grc' dir='ltr'>φασὶ</span> <span class='ocrx_word' id='word_1_84' title='bbox 1575 752 1658 807; x_wconf 63' lang='grc' dir='ltr'>«γὰρ</span> <span class='ocrx_word' id='word_1_85' title='bbox 1694 751 1854 809; x_wconf 74' lang='grc' dir='ltr'>ψυχὴν</span> 
     </span>
     <span class='ocr_line' id='line_1_10' title="bbox 311 818 1853 882; baseline -0.004 -15"><span class='ocrx_word' id='word_1_86' title='bbox 311 825 526 879; x_wconf 71' lang='grc' dir='ltr'>λένγεσθαι</span> <span class='ocrx_word' id='word_1_87' title='bbox 555 824 709 882; x_wconf 77' lang='grc' dir='ltr'>διχῶς</span> <span class='ocrx_word' id='word_1_88' title='bbox 741 824 794 865; x_wconf 89' lang='grc' dir='ltr'>τό</span> <span class='ocrx_word' id='word_1_89' title='bbox 826 841 878 865; x_wconf 85' lang='grc' dir='ltr'>τε</span> <span class='ocrx_word' id='word_1_90' title='bbox 907 821 1128 878; x_wconf 81' lang='grc' dir='ltr'>συνέχον</span> <span class='ocrx_word' id='word_1_91' title='bbox 1154 820 1244 872; x_wconf 76' lang='grc' dir='ltr'>τὴν</span> <span class='ocrx_word' id='word_1_92' title='bbox 1274 819 1399 872; x_wconf 82' lang='grc' dir='ltr'>ὅλην</span> <span class='ocrx_word' id='word_1_93' title='bbox 1431 821 1644 875; x_wconf 76' lang='grc' dir='ltr'>σύὙκισιν</span> <span class='ocrx_word' id='word_1_94' title='bbox 1665 821 1735 863; x_wconf 90' lang='grc' dir='ltr'>καὶ</span> <span class='ocrx_word' id='word_1_95' title='bbox 1757 818 1853 862; x_wconf 89' lang='grc' dir='ltr'>κατ’</span> 
     </span>
     <span class='ocr_line' id='line_1_11' title="bbox 315 888 1856 948; baseline -0.003 -11"><span class='ocrx_word' id='word_1_96' title='bbox 315 894 428 938; x_wconf 83' lang='grc' dir='ltr'>ἰδίαν</span> <span class='ocrx_word' id='word_1_97' title='bbox 469 894 522 936; x_wconf 84' lang='grc' dir='ltr'>τὸ</span> <span class='ocrx_word' id='word_1_98' title='bbox 557 892 872 948; x_wconf 63' lang='grc' dir='ltr'>ἡγεμονικόν,</span> <span class='ocrx_word' id='word_1_99' title='bbox 914 891 1036 946; x_wconf 84' lang='lat' dir='ltr'>Diog.</span> <span class='ocrx_word' id='word_1_100' title='bbox 1075 891 1217 932; x_wconf 79' lang='lat' dir='ltr'>Laert.</span> <span class='ocrx_word' id='word_1_101' title='bbox 1251 902 1317 931; x_wconf 91' lang='lat' dir='ltr'>VII</span> <span class='ocrx_word' id='word_1_102' title='bbox 1358 893 1439 932; x_wconf 85' lang='lat'>159</span> <span class='ocrx_word' id='word_1_103' title='bbox 1474 888 1777 944; x_wconf 65' lang='grc' dir='ltr'>ἡγεμονικὸν</span> <span class='ocrx_word' id='word_1_104' title='bbox 1811 888 1856 932; x_wconf 82' lang='grc' dir='ltr'>δὲ</span> 
     </span>
     <span class='ocr_line' id='line_1_12' title="bbox 314 957 1855 1019; baseline -0.004 -14"><span class='ocrx_word' id='word_1_105' title='bbox 314 963 425 1006; x_wconf 82' lang='grc' dir='ltr'>εἶναι</span> <span class='ocrx_word' id='word_1_106' title='bbox 453 963 502 1005; x_wconf 82' lang='grc' dir='ltr'>τὸ</span> <span class='ocrx_word' id='word_1_107' title='bbox 532 961 800 1019; x_wconf 83' lang='grc' dir='ltr'>κυριώτατον</span> <span class='ocrx_word' id='word_1_108' title='bbox 822 961 898 1013; x_wconf 74' lang='grc' dir='ltr'>τῆς</span> <span class='ocrx_word' id='word_1_109' title='bbox 920 961 1074 1016; x_wconf 74' lang='grc' dir='ltr'>ψυχῆς</span> <span class='ocrx_word' id='word_1_110' title='bbox 1097 960 1142 1002; x_wconf 88' lang='grc' dir='ltr'>ἐν</span> <span class='ocrx_word' id='word_1_111' title='bbox 1164 958 1197 1015; x_wconf 74' lang='grc' dir='ltr'><em>ᾧ</em></span> <span class='ocrx_word' id='word_1_112' title='bbox 1220 958 1270 1001; x_wconf 87' lang='grc' dir='ltr'>αἱ</span> <span class='ocrx_word' id='word_1_113' title='bbox 1288 958 1532 1015; x_wconf 85' lang='grc' dir='ltr'>φαντασίαι</span> <span class='ocrx_word' id='word_1_114' title='bbox 1553 959 1626 1001; x_wconf 88' lang='grc' dir='ltr'>καὶ</span> <span class='ocrx_word' id='word_1_115' title='bbox 1656 958 1704 1000; x_wconf 85' lang='grc' dir='ltr'>αἰ</span> <span class='ocrx_word' id='word_1_116' title='bbox 1727 957 1855 1012; x_wconf 84' lang='grc' dir='ltr'>ὁρμαὶ</span> 
     </span>
     <span class='ocr_line' id='line_1_13' title="bbox 315 1027 1858 1087; baseline -0.005 -13"><span class='ocrx_word' id='word_1_117' title='bbox 315 1032 513 1087; x_wconf 62' lang='grc' dir='ltr'>γίνονται</span> <span class='ocrx_word' id='word_1_118' title='bbox 545 1031 617 1074; x_wconf 84' lang='grc' dir='ltr'>καὶ</span> <span class='ocrx_word' id='word_1_119' title='bbox 647 1029 743 1072; x_wconf 76' lang='grc' dir='ltr'>ὅθεν</span> <span class='ocrx_word' id='word_1_120' title='bbox 766 1027 787 1070; x_wconf 89' lang='grc' dir='ltr'>ὁ</span> <span class='ocrx_word' id='word_1_121' title='bbox 809 1028 942 1083; x_wconf 61' lang='grc' dir='ltr'>λόγος</span> <span class='ocrx_word' id='word_1_122' title='bbox 965 1027 1286 1079; x_wconf 80' lang='grc' dir='ltr'>ἀναπέμπεται.</span> <span class='ocrx_word' id='word_1_123' title='bbox 1333 1028 1499 1070; x_wconf 76' lang='lat' dir='ltr'>Stoicos</span> <span class='ocrx_word' id='word_1_124' title='bbox 1525 1027 1660 1083; x_wconf 75' lang='lat' dir='ltr'>igitur</span> <span class='ocrx_word' id='word_1_125' title='bbox 1685 1033 1858 1068; x_wconf 83' lang='lat' dir='ltr'>secutus</span> 
     </span>
     <span class='ocr_line' id='line_1_14' title="bbox 315 1094 1858 1156; baseline -0.003 -14"><span class='ocrx_word' id='word_1_126' title='bbox 315 1107 443 1156; x_wconf 76' lang='lat' dir='ltr'>poeta</span> <span class='ocrx_word' id='word_1_127' title='bbox 483 1100 553 1141; x_wconf 82' lang='lat' dir='ltr'>hic</span> <span class='ocrx_word' id='word_1_128' title='bbox 589 1099 782 1141; x_wconf 75' lang='lat' dir='ltr'>animum</span> <span class='ocrx_word' id='word_1_129' title='bbox 819 1097 887 1151; x_wconf 79' lang='grc' dir='ltr'>(τὸ</span> <span class='ocrx_word' id='word_1_130' title='bbox 919 1095 1180 1151; x_wconf 65' lang='grc' dir='ltr'>ἡγεμονικὸν</span> <span class='ocrx_word' id='word_1_131' title='bbox 1213 1098 1288 1146; x_wconf 76' lang='grc' dir='ltr'>τῆς</span> <span class='ocrx_word' id='word_1_132' title='bbox 1320 1099 1474 1152; x_wconf 69' lang='grc' dir='ltr'>ψυχῆς</span> <span class='ocrx_word' id='word_1_133' title='bbox 1506 1097 1578 1137; x_wconf 87' lang='lat' dir='ltr'>uel</span> <span class='ocrx_word' id='word_1_134' title='bbox 1612 1097 1743 1137; x_wconf 75' lang='lat' dir='ltr'>etiam</span> <span class='ocrx_word' id='word_1_135' title='bbox 1781 1094 1858 1146; x_wconf 84' lang='grc' dir='ltr'>τὴν</span> 
     </span>
     <span class='ocr_line' id='line_1_15' title="bbox 316 1163 1858 1225; baseline -0.004 -13"><span class='ocrx_word' id='word_1_136' title='bbox 316 1170 604 1225; x_wconf 80' lang='grc' dir='ltr'>κυβερνῶσαν</span> <span class='ocrx_word' id='word_1_137' title='bbox 628 1174 676 1208; x_wconf 73' lang='lat' dir='ltr'>ut</span> <span class='ocrx_word' id='word_1_138' title='bbox 693 1182 718 1208; x_wconf 85' lang='lat' dir='ltr'>a</span> <span class='ocrx_word' id='word_1_139' title='bbox 740 1167 796 1208; x_wconf 91' lang='lat' dir='ltr'>M.</span> <span class='ocrx_word' id='word_1_140' title='bbox 814 1166 991 1207; x_wconf 87' lang='lat' dir='ltr'>Aurelio</span> <span class='ocrx_word' id='word_1_141' title='bbox 1010 1171 1200 1215; x_wconf 68' lang='lat' dir='ltr'>uocatur,</span> <span class='ocrx_word' id='word_1_142' title='bbox 1224 1177 1292 1206; x_wconf 89' lang='lat' dir='ltr'>VII</span> <span class='ocrx_word' id='word_1_143' title='bbox 1316 1168 1383 1215; x_wconf 79' lang='lat'>64,</span> <span class='ocrx_word' id='word_1_144' title='bbox 1402 1166 1472 1207; x_wconf 90' lang='lat' dir='ltr'>uel</span> <span class='ocrx_word' id='word_1_145' title='bbox 1495 1164 1542 1207; x_wconf 81' lang='grc' dir='ltr'>τὸ</span> <span class='ocrx_word' id='word_1_146' title='bbox 1565 1167 1763 1220; x_wconf 89' lang='grc' dir='ltr'>κυριεῦον</span> <span class='ocrx_word' id='word_1_147' title='bbox 1784 1163 1858 1206; x_wconf 88' lang='grc' dir='ltr'>καὶ</span> 
     </span>
     <span class='ocr_line' id='line_1_16' title="bbox 316 1234 1857 1294; baseline -0.003 -15"><span class='ocrx_word' id='word_1_148' title='bbox 316 1240 506 1294; x_wconf 85' lang='grc' dir='ltr'>κρατοῦν</span> <span class='ocrx_word' id='word_1_149' title='bbox 534 1239 611 1289; x_wconf 78' lang='grc' dir='ltr'>τῆς</span> <span class='ocrx_word' id='word_1_150' title='bbox 633 1238 790 1293; x_wconf 76' lang='grc' dir='ltr'>ψυχῆς</span> <span class='ocrx_word' id='word_1_151' title='bbox 810 1234 949 1291; x_wconf 78' lang='grc' dir='ltr'>μέρος,</span> <span class='ocrx_word' id='word_1_152' title='bbox 972 1242 1020 1276; x_wconf 76' lang='lat' dir='ltr'>ut</span> <span class='ocrx_word' id='word_1_153' title='bbox 1042 1250 1067 1275; x_wconf 82' lang='lat' dir='ltr'>a</span> <span class='ocrx_word' id='word_1_154' title='bbox 1088 1234 1331 1290; x_wconf 82' lang='lat' dir='ltr'>Chrysippo</span> <span class='ocrx_word' id='word_1_155' title='bbox 1353 1249 1419 1290; x_wconf 78' lang='lat' dir='ltr'>ap.</span> <span class='ocrx_word' id='word_1_156' title='bbox 1444 1235 1657 1276; x_wconf 76' lang='lat' dir='ltr'>Galenum</span> <span class='ocrx_word' id='word_1_157' title='bbox 1681 1234 1731 1276; x_wconf 79' lang='lat' dir='ltr'>de</span> <span class='ocrx_word' id='word_1_158' title='bbox 1746 1234 1857 1288; x_wconf 77' lang='lat' dir='ltr'>plac.</span> 
     </span>
     <span class='ocr_line' id='line_1_17' title="bbox 317 1302 1859 1363; baseline -0.004 -14"><span class='ocrx_word' id='word_1_159' title='bbox 317 1307 454 1363; x_wconf 67' lang='lat' dir='ltr'>Hipp.</span> <span class='ocrx_word' id='word_1_160' title='bbox 473 1313 511 1349; x_wconf 80' lang='lat' dir='ltr'>et</span> <span class='ocrx_word' id='word_1_161' title='bbox 522 1306 636 1347; x_wconf 72' lang='lat' dir='ltr'><em>Plat.</em></span> <span class='ocrx_word' id='word_1_162' title='bbox 654 1317 684 1346; x_wconf 91' lang='lat' dir='ltr'><strong>V</strong></span> <span class='ocrx_word' id='word_1_163' title='bbox 702 1307 785 1346; x_wconf 78' lang='lat'>328</span> <span class='ocrx_word' id='word_1_164' title='bbox 805 1304 879 1358; x_wconf 88' lang='lat' dir='ltr'>K.)</span> <span class='ocrx_word' id='word_1_165' title='bbox 895 1304 949 1345; x_wconf 80' lang='lat' dir='ltr'>ab</span> <span class='ocrx_word' id='word_1_166' title='bbox 972 1305 1119 1345; x_wconf 71' lang='lat' dir='ltr'>anima</span> <span class='ocrx_word' id='word_1_167' title='bbox 1140 1304 1306 1359; x_wconf 82' lang='lat' dir='ltr'>reliqua</span> <span class='ocrx_word' id='word_1_168' title='bbox 1324 1304 1525 1356; x_wconf 76' lang='lat' dir='ltr'>secernit3</span> <span class='ocrx_word' id='word_1_169' title='bbox 1553 1304 1652 1354; x_wconf 83' lang='lat' dir='ltr'>dux,</span> <span class='ocrx_word' id='word_1_170' title='bbox 1671 1309 1722 1344; x_wconf 78' lang='lat' dir='ltr'>ut</span> <span class='ocrx_word' id='word_1_171' title='bbox 1739 1302 1859 1344; x_wconf 85' lang='lat' dir='ltr'>uide-</span> 
     </span>
     <span class='ocr_line' id='line_1_18' title="bbox 316 1372 1862 1430; baseline -0.003 -12"><span class='ocrx_word' id='word_1_172' title='bbox 316 1384 399 1426; x_wconf 66' lang='lat' dir='ltr'>tur,</span> <span class='ocrx_word' id='word_1_173' title='bbox 417 1376 656 1425; x_wconf 70' lang='lat' dir='ltr'>Lucretius,</span> <span class='ocrx_word' id='word_1_174' title='bbox 673 1387 728 1416; x_wconf 81' lang='grc' dir='ltr'>ΙΙΙ</span> <span class='ocrx_word' id='word_1_175' title='bbox 748 1377 829 1416; x_wconf 89' lang='grc'>116</span> <span class='ocrx_word' id='word_1_176' title='bbox 849 1389 936 1430; x_wconf 87' lang='lat' dir='ltr'>sqq.</span> <span class='ocrx_word' id='word_1_177' title='bbox 955 1374 1136 1415; x_wconf 80' lang='lat' dir='ltr'>conlatis</span> <span class='ocrx_word' id='word_1_178' title='bbox 1153 1389 1250 1415; x_wconf 84' lang='grc'><strong>011111</strong></span> <span class='ocrx_word' id='word_1_179' title='bbox 1270 1376 1353 1415; x_wconf 79' lang='lat'>280</span> <span class='ocrx_word' id='word_1_180' title='bbox 1371 1388 1457 1429; x_wconf 86' lang='lat' dir='ltr'>sqq.</span> <span class='ocrx_word' id='word_1_181' title='bbox 1477 1374 1552 1414; x_wconf 90' lang='lat' dir='ltr'>ubi</span> <span class='ocrx_word' id='word_1_182' title='bbox 1573 1373 1646 1414; x_wconf 91' lang='grc'><strong>1110</strong></span> <span class='ocrx_word' id='word_1_183' title='bbox 1668 1372 1862 1428; x_wconf 74' lang='lat' dir='ltr'>loquitur</span> 
     </span>
     <span class='ocr_line' id='line_1_19' title="bbox 317 1442 1858 1499; baseline -0.003 -11"><span class='ocrx_word' id='word_1_184' title='bbox 317 1447 370 1487; x_wconf 92' lang='lat' dir='ltr'>de</span> <span class='ocrx_word' id='word_1_185' title='bbox 407 1444 758 1499; x_wconf 79' lang='grc' dir='ltr'>α’κατονομάστῳ</span> <span class='ocrx_word' id='word_1_186' title='bbox 800 1443 886 1493; x_wconf 86' lang='grc'><strong>1110,</strong></span> <span class='ocrx_word' id='word_1_187' title='bbox 918 1448 970 1484; x_wconf 71' lang='lat' dir='ltr'>ut</span> <span class='ocrx_word' id='word_1_188' title='bbox 1006 1443 1183 1498; x_wconf 81' lang='lat' dir='ltr'>Epicuri</span> <span class='ocrx_word' id='word_1_189' title='bbox 1218 1444 1349 1484; x_wconf 89' lang='lat' dir='ltr'>uerbo</span> <span class='ocrx_word' id='word_1_190' title='bbox 1385 1449 1493 1492; x_wconf 81' lang='lat' dir='ltr'>utar,</span> <span class='ocrx_word' id='word_1_191' title='bbox 1529 1443 1644 1484; x_wconf 84' lang='lat' dir='ltr'>unde</span> <span class='ocrx_word' id='word_1_192' title='bbox 1686 1442 1858 1483; x_wconf 86' lang='lat' dir='ltr'>initium</span> 
     </span>
     <span class='ocr_line' id='line_1_20' title="bbox 317 1511 1863 1569; baseline -0.003 -13"><span class='ocrx_word' id='word_1_193' title='bbox 317 1520 461 1556; x_wconf 76' lang='lat' dir='ltr'>motus</span> <span class='ocrx_word' id='word_1_194' title='bbox 478 1514 657 1569; x_wconf 84' lang='lat' dir='ltr'>singulis</span> <span class='ocrx_word' id='word_1_195' title='bbox 671 1514 840 1554; x_wconf 80' lang='lat' dir='ltr'>animae</span> <span class='ocrx_word' id='word_1_196' title='bbox 855 1513 1126 1567; x_wconf 79' lang='lat' dir='ltr'>corporisque</span> <span class='ocrx_word' id='word_1_197' title='bbox 1145 1512 1349 1553; x_wconf 85' lang='lat' dir='ltr'>membris</span> <span class='ocrx_word' id='word_1_198' title='bbox 1367 1511 1456 1552; x_wconf 88' lang='lat' dir='ltr'>didi</span> <span class='ocrx_word' id='word_1_199' title='bbox 1471 1512 1703 1554; x_wconf 76' lang='lat' dir='ltr'>contendit.</span> <span class='ocrx_word' id='word_1_200' title='bbox 1752 1511 1863 1552; x_wconf 82' lang='lat' dir='ltr'>hanc</span> 
     </span>
     <span class='ocr_line' id='line_1_21' title="bbox 319 1580 1862 1637; baseline -0.003 -12"><span class='ocrx_word' id='word_1_201' title='bbox 319 1584 509 1626; x_wconf 76' lang='lat' dir='ltr'>animam</span> <span class='ocrx_word' id='word_1_202' title='bbox 535 1580 849 1637; x_wconf 82' lang='lat' dir='ltr'>‘sanguineam&#39;</span> <span class='ocrx_word' id='word_1_203' title='bbox 880 1595 970 1622; x_wconf 88' lang='lat' dir='ltr'>esse</span> <span class='ocrx_word' id='word_1_204' title='bbox 1004 1581 1131 1630; x_wconf 77' lang='lat' dir='ltr'>canit,</span> <span class='ocrx_word' id='word_1_205' title='bbox 1161 1580 1274 1636; x_wconf 88' lang='lat' dir='ltr'>quod</span> <span class='ocrx_word' id='word_1_206' title='bbox 1311 1588 1355 1621; x_wconf 64' lang='grc'>01</span> <span class='ocrx_word' id='word_1_207' title='bbox 1386 1580 1527 1635; x_wconf 85' lang='lat' dir='ltr'>ipsum</span> <span class='ocrx_word' id='word_1_208' title='bbox 1561 1595 1583 1621; x_wconf 92' lang='lat' dir='ltr'>e</span> <span class='ocrx_word' id='word_1_209' title='bbox 1621 1580 1862 1622; x_wconf 76' lang='lat' dir='ltr'>Stoicorum</span> 
     </span>
     <span class='ocr_line' id='line_1_22' title="bbox 319 1648 1863 1706; baseline -0.003 -11"><span class='ocrx_word' id='word_1_210' title='bbox 319 1653 515 1695; x_wconf 76' lang='lat' dir='ltr'>doctrina</span> <span class='ocrx_word' id='word_1_211' title='bbox 545 1651 728 1706; x_wconf 71' lang='lat' dir='ltr'>sumpsit</span> <span class='ocrx_word' id='word_1_212' title='bbox 759 1664 857 1690; x_wconf 85' lang='lat' dir='ltr'>oum</span> <span class='ocrx_word' id='word_1_213' title='bbox 890 1649 1123 1705; x_wconf 85' lang='lat' dir='ltr'>Chrysippi</span> <span class='ocrx_word' id='word_1_214' title='bbox 1156 1652 1380 1691; x_wconf 75' lang='lat' dir='ltr'>decretum</span> <span class='ocrx_word' id='word_1_215' title='bbox 1413 1656 1526 1691; x_wconf 66' lang='lat' dir='ltr'>esset]</span> <span class='ocrx_word' id='word_1_216' title='bbox 1559 1648 1656 1704; x_wconf 81' lang='grc' dir='ltr'>[τὴν</span> <span class='ocrx_word' id='word_1_217' title='bbox 1685 1649 1863 1706; x_wconf 70' lang='grc' dir='ltr'>ψυχὴν]</span> 
     </span>
     <span class='ocr_line' id='line_1_23' title="bbox 320 1717 1866 1779; baseline -0.003 -15"><span class='ocrx_word' id='word_1_218' title='bbox 320 1721 604 1779; x_wconf 83' lang='grc' dir='ltr'>τρέφεσθαι</span> <span class='ocrx_word' id='word_1_219' title='bbox 645 1719 732 1773; x_wconf 84' lang='grc' dir='ltr'>μὲν</span> <span class='ocrx_word' id='word_1_220' title='bbox 774 1720 827 1772; x_wconf 83' lang='grc' dir='ltr'>ἐξ</span> <span class='ocrx_word' id='word_1_221' title='bbox 862 1718 1078 1773; x_wconf 70' lang='grc' dir='ltr'>αἵματος</span> <span class='ocrx_word' id='word_1_222' title='bbox 1121 1719 1278 1761; x_wconf 82' lang='grc' dir='ltr'>οὐσίαν</span> <span class='ocrx_word' id='word_1_223' title='bbox 1314 1717 1359 1761; x_wconf 83' lang='grc' dir='ltr'>δὲ</span> <span class='ocrx_word' id='word_1_224' title='bbox 1394 1718 1525 1770; x_wconf 76' lang='grc' dir='ltr'>αὐτῆς</span> <span class='ocrx_word' id='word_1_225' title='bbox 1561 1717 1780 1776; x_wconf 70' lang='grc' dir='ltr'>ὑπάρχειν</span> <span class='ocrx_word' id='word_1_226' title='bbox 1816 1718 1866 1760; x_wconf 82' lang='grc' dir='ltr'>τὸ</span> 
     </span>
     <span class='ocr_line' id='line_1_24' title="bbox 321 1789 1865 1845; baseline -0.003 -10"><span class='ocrx_word' id='word_1_227' title='bbox 321 1795 495 1845; x_wconf 81' lang='grc' dir='ltr'>πνεῦμα</span> <span class='ocrx_word' id='word_1_228' title='bbox 523 1796 634 1832; x_wconf 80' lang='lat' dir='ltr'>teste</span> <span class='ocrx_word' id='word_1_229' title='bbox 662 1790 827 1831; x_wconf 81' lang='lat' dir='ltr'>Galeno</span> <span class='ocrx_word' id='word_1_230' title='bbox 846 1790 961 1845; x_wconf 74' lang='lat' dir='ltr'>plac.</span> <span class='ocrx_word' id='word_1_231' title='bbox 988 1789 1124 1845; x_wconf 72' lang='lat' dir='ltr'>Hipp.</span> <span class='ocrx_word' id='word_1_232' title='bbox 1151 1796 1188 1831; x_wconf 77' lang='lat' dir='ltr'>et</span> <span class='ocrx_word' id='word_1_233' title='bbox 1216 1789 1330 1832; x_wconf 73' lang='lat' dir='ltr'>Plat.</span> <span class='ocrx_word' id='word_1_234' title='bbox 1354 1801 1389 1830; x_wconf 92' lang='grc' dir='ltr'>ΙΙ</span> <span class='ocrx_word' id='word_1_235' title='bbox 1419 1793 1444 1831; x_wconf 84' lang='grc'>8</span> <span class='ocrx_word' id='word_1_236' title='bbox 1475 1791 1524 1843; x_wconf 88' lang='lat' dir='ltr'>(V</span> <span class='ocrx_word' id='word_1_237' title='bbox 1551 1791 1633 1831; x_wconf 82' lang='lat'>283</span> <span class='ocrx_word' id='word_1_238' title='bbox 1657 1789 1740 1843; x_wconf 74' lang='lat' dir='ltr'>K).</span> <span class='ocrx_word' id='word_1_239' title='bbox 1768 1804 1865 1831; x_wconf 87' lang='grc'><strong>0011-</strong></span> 
     </span>
     <span class='ocr_line' id='line_1_25' title="bbox 322 1857 1865 1915; baseline -0.003 -12"><span class='ocrx_word' id='word_1_240' title='bbox 322 1861 523 1903; x_wconf 88' lang='lat' dir='ltr'>ferendus</span> <span class='ocrx_word' id='word_1_241' title='bbox 555 1874 725 1915; x_wconf 89' lang='lat' dir='ltr'>quoque</span> <span class='ocrx_word' id='word_1_242' title='bbox 755 1859 811 1900; x_wconf 89' lang='lat' dir='ltr'>M.</span> <span class='ocrx_word' id='word_1_243' title='bbox 841 1858 1046 1899; x_wconf 81' lang='lat' dir='ltr'>Aurelius</span> <span class='ocrx_word' id='word_1_244' title='bbox 1073 1870 1103 1899; x_wconf 93' lang='lat' dir='ltr'>V</span> <span class='ocrx_word' id='word_1_245' title='bbox 1133 1860 1187 1900; x_wconf 83' lang='lat'>33</span> <span class='ocrx_word' id='word_1_246' title='bbox 1215 1858 1320 1900; x_wconf 69' lang='grc' dir='ltr'>αὐτὸ</span> <span class='ocrx_word' id='word_1_247' title='bbox 1349 1858 1394 1901; x_wconf 84' lang='grc' dir='ltr'>δὲ</span> <span class='ocrx_word' id='word_1_248' title='bbox 1424 1857 1472 1899; x_wconf 81' lang='grc' dir='ltr'>τὸ</span> <span class='ocrx_word' id='word_1_249' title='bbox 1500 1859 1728 1915; x_wconf 76' lang='grc' dir='ltr'>ψυχάριον</span> <span class='ocrx_word' id='word_1_250' title='bbox 1754 1858 1865 1900; x_wconf 81' lang='grc' dir='ltr'>ἀνα-</span> 
     </span>
     <span class='ocr_line' id='line_1_26' title="bbox 325 1926 1867 1983; baseline -0.003 -10"><span class='ocrx_word' id='word_1_251' title='bbox 325 1929 565 1982; x_wconf 80' lang='grc' dir='ltr'>θυμίασις</span> <span class='ocrx_word' id='word_1_252' title='bbox 594 1927 676 1983; x_wconf 79' lang='grc' dir='ltr'>ἀφ’</span> <span class='ocrx_word' id='word_1_253' title='bbox 714 1926 929 1981; x_wconf 82' lang='grc' dir='ltr'>αἵματος</span> <span class='ocrx_word' id='word_1_254' title='bbox 963 1926 1093 1981; x_wconf 80' lang='lat' dir='ltr'>(adde</span> <span class='ocrx_word' id='word_1_255' title='bbox 1128 1938 1177 1968; x_wconf 84' lang='lat' dir='ltr'>VI</span> <span class='ocrx_word' id='word_1_256' title='bbox 1214 1929 1288 1981; x_wconf 87' lang='lat'>15)</span> <span class='ocrx_word' id='word_1_257' title='bbox 1319 1934 1363 1969; x_wconf 78' lang='lat' dir='ltr'>et</span> <span class='ocrx_word' id='word_1_258' title='bbox 1393 1927 1586 1969; x_wconf 82' lang='lat' dir='ltr'>Galenus</span> <span class='ocrx_word' id='word_1_259' title='bbox 1614 1939 1664 1968; x_wconf 90' lang='lat' dir='ltr'>IV</span> <span class='ocrx_word' id='word_1_260' title='bbox 1699 1929 1781 1969; x_wconf 88' lang='grc'>506</span> <span class='ocrx_word' id='word_1_261' title='bbox 1811 1927 1867 1969; x_wconf 88' lang='grc' dir='ltr'>Κ.</span> 
     </span>
     <span class='ocr_line' id='line_1_27' title="bbox 323 1994 1867 2054; baseline -0.001 -13"><span class='ocrx_word' id='word_1_262' title='bbox 323 1999 360 2042; x_wconf 84' lang='grc' dir='ltr'>εἰ</span> <span class='ocrx_word' id='word_1_263' title='bbox 375 1999 419 2041; x_wconf 84' lang='grc' dir='ltr'>δὲ</span> <span class='ocrx_word' id='word_1_264' title='bbox 433 2001 508 2051; x_wconf 76' lang='grc' dir='ltr'>τῆς</span> <span class='ocrx_word' id='word_1_265' title='bbox 526 2000 604 2039; x_wconf 83' lang='grc' dir='ltr'>τοῦ</span> <span class='ocrx_word' id='word_1_266' title='bbox 621 1995 806 2051; x_wconf 78' lang='grc' dir='ltr'>αἵματος</span> <span class='ocrx_word' id='word_1_267' title='bbox 824 1994 1160 2048; x_wconf 76' lang='grc' dir='ltr'>ἀναθυμιάσεως</span> <span class='ocrx_word' id='word_1_268' title='bbox 1179 1997 1236 2042; x_wconf 79' lang='grc' dir='ltr'>εἰς</span> <span class='ocrx_word' id='word_1_269' title='bbox 1253 1997 1413 2053; x_wconf 75' lang='grc' dir='ltr'>θρέψιν</span> <span class='ocrx_word' id='word_1_270' title='bbox 1431 1996 1578 2054; x_wconf 83' lang='grc' dir='ltr'>χρῄζει</span> <span class='ocrx_word' id='word_1_271' title='bbox 1597 1996 1646 2038; x_wconf 78' lang='grc' dir='ltr'>τὸ</span> <span class='ocrx_word' id='word_1_272' title='bbox 1663 1997 1867 2054; x_wconf 79' lang='grc' dir='ltr'>ψυχικὸν</span> 
     </span>
     <span class='ocr_line' id='line_1_28' title="bbox 323 2065 1866 2122; baseline -0.003 -11"><span class='ocrx_word' id='word_1_273' title='bbox 323 2071 508 2122; x_wconf 84' lang='grc' dir='ltr'>πνεῦμα.</span> <span class='ocrx_word' id='word_1_274' title='bbox 559 2067 705 2121; x_wconf 80' lang='lat' dir='ltr'>itaque</span> <span class='ocrx_word' id='word_1_275' title='bbox 728 2065 862 2107; x_wconf 73' lang='lat' dir='ltr'>totius</span> <span class='ocrx_word' id='word_1_276' title='bbox 888 2066 968 2107; x_wconf 82' lang='lat' dir='ltr'>loci</span> <span class='ocrx_word' id='word_1_277' title='bbox 990 2067 1209 2107; x_wconf 73' lang='lat' dir='ltr'>sententia</span> <span class='ocrx_word' id='word_1_278' title='bbox 1237 2066 1295 2107; x_wconf 89' lang='grc'>510</span> <span class='ocrx_word' id='word_1_279' title='bbox 1317 2066 1585 2121; x_wconf 83' lang='lat' dir='ltr'>expedienda</span> <span class='ocrx_word' id='word_1_280' title='bbox 1610 2072 1697 2108; x_wconf 84' lang='lat' dir='ltr'>est:</span> <span class='ocrx_word' id='word_1_281' title='bbox 1727 2071 1736 2087; x_wconf 90' lang='lat'>‘</span> <span class='ocrx_word' id='word_1_282' title='bbox 1752 2072 1800 2108; x_wconf 72' lang='lat' dir='ltr'>ut</span> <span class='ocrx_word' id='word_1_283' title='bbox 1821 2066 1866 2107; x_wconf 90' lang='lat' dir='ltr'>in</span> 
     </span>
     <span class='ocr_line' id='line_1_29' title="bbox 324 2136 1867 2192; baseline -0.001 -13"><span class='ocrx_word' id='word_1_284' title='bbox 324 2138 486 2179; x_wconf 87' lang='lat' dir='ltr'>mundo</span> <span class='ocrx_word' id='word_1_285' title='bbox 512 2141 614 2177; x_wconf 76' lang='lat' dir='ltr'>sunt</span> <span class='ocrx_word' id='word_1_286' title='bbox 649 2136 854 2185; x_wconf 83' lang='lat' dir='ltr'>membra,</span> <span class='ocrx_word' id='word_1_287' title='bbox 875 2142 942 2177; x_wconf 69' lang='lat' dir='ltr'>esf.</span> <span class='ocrx_word' id='word_1_288' title='bbox 963 2136 1141 2190; x_wconf 70' lang='lat' dir='ltr'>spirimis</span> <span class='ocrx_word' id='word_1_289' title='bbox 1167 2136 1343 2177; x_wconf 86' lang='lat' dir='ltr'>diuinus</span> <span class='ocrx_word' id='word_1_290' title='bbox 1375 2136 1449 2190; x_wconf 89' lang='lat' dir='ltr'>qui</span> <span class='ocrx_word' id='word_1_291' title='bbox 1477 2142 1620 2177; x_wconf 72' lang='lat' dir='ltr'>totum</span> <span class='ocrx_word' id='word_1_292' title='bbox 1642 2136 1867 2192; x_wconf 72' lang='lat' dir='ltr'>gubernat,</span> 
     </span>
     <span class='ocr_line' id='line_1_30' title="bbox 325 2204 1868 2261; baseline -0.001 -13"><span class='ocrx_word' id='word_1_293' title='bbox 325 2207 384 2248; x_wconf 89' lang='grc'>510</span> <span class='ocrx_word' id='word_1_294' title='bbox 405 2207 451 2248; x_wconf 85' lang='grc'>111</span> <span class='ocrx_word' id='word_1_295' title='bbox 479 2205 603 2247; x_wconf 85' lang='lat' dir='ltr'>nobis</span> <span class='ocrx_word' id='word_1_296' title='bbox 628 2219 797 2260; x_wconf 87' lang='lat' dir='ltr'>quoque</span> <span class='ocrx_word' id='word_1_297' title='bbox 829 2210 894 2246; x_wconf 76' lang='lat' dir='ltr'>est</span> <span class='ocrx_word' id='word_1_298' title='bbox 923 2204 1048 2246; x_wconf 76' lang='lat' dir='ltr'>sortis</span> <span class='ocrx_word' id='word_1_299' title='bbox 1077 2211 1272 2246; x_wconf 75' lang='lat' dir='ltr'>terrenae</span> <span class='ocrx_word' id='word_1_300' title='bbox 1305 2220 1458 2260; x_wconf 84' lang='lat' dir='ltr'>corpus</span> <span class='ocrx_word' id='word_1_301' title='bbox 1480 2211 1524 2246; x_wconf 78' lang='lat' dir='ltr'>et</span> <span class='ocrx_word' id='word_1_302' title='bbox 1545 2205 1690 2246; x_wconf 84' lang='lat' dir='ltr'>anima</span> <span class='ocrx_word' id='word_1_303' title='bbox 1711 2220 1821 2261; x_wconf 81' lang='lat' dir='ltr'>quae</span> <span class='ocrx_word' id='word_1_304' title='bbox 1842 2220 1868 2246; x_wconf 85' lang='lat' dir='ltr'>a</span> 
     </span>
     <span class='ocr_line' id='line_1_31' title="bbox 325 2274 1868 2332; baseline -0.001 -15"><span class='ocrx_word' id='word_1_305' title='bbox 325 2275 535 2332; x_wconf 85' lang='lat' dir='ltr'>sanguine</span> <span class='ocrx_word' id='word_1_306' title='bbox 570 2274 714 2324; x_wconf 81' lang='lat' dir='ltr'>alitur,</span> <span class='ocrx_word' id='word_1_307' title='bbox 741 2279 810 2315; x_wconf 68' lang='lat' dir='ltr'>‘est</span> <span class='ocrx_word' id='word_1_308' title='bbox 842 2274 1012 2315; x_wconf 87' lang='lat' dir='ltr'>animus</span> <span class='ocrx_word' id='word_1_309' title='bbox 1045 2275 1273 2330; x_wconf 83' lang='lat' dir='ltr'>utriusque</span> <span class='ocrx_word' id='word_1_310' title='bbox 1308 2274 1573 2329; x_wconf 72' lang='lat' dir='ltr'>gubernator</span> <span class='ocrx_word' id='word_1_311' title='bbox 1605 2289 1631 2315; x_wconf 87' lang='lat' dir='ltr'>a</span> <span class='ocrx_word' id='word_1_312' title='bbox 1665 2289 1750 2329; x_wconf 88' lang='lat' dir='ltr'>quo</span> <span class='ocrx_word' id='word_1_313' title='bbox 1785 2274 1868 2316; x_wconf 73' lang='lat' dir='ltr'>toti</span> 
     </span>
     <span class='ocr_line' id='line_1_32' title="bbox 324 2344 956 2402; baseline -0.005 -15"><span class='ocrx_word' id='word_1_314' title='bbox 324 2346 514 2402; x_wconf 81' lang='lat' dir='ltr'>regimur</span> <span class='ocrx_word' id='word_1_315' title='bbox 549 2344 956 2399; x_wconf 81' lang='lat' dir='ltr'>dispensamurque.&#39;</span> 
     </span>
    </p>

    <p class='ocr_par' dir='ltr' id='par_1_5' title="bbox 327 2412 1870 2540">
     <span class='ocr_line' id='line_1_33' title="bbox 413 2412 1868 2456; baseline -0.001 0"><span class='ocrx_word' id='word_1_316' title='bbox 413 2415 465 2456; x_wconf 85' lang='lat' dir='ltr'>de</span> <span class='ocrx_word' id='word_1_317' title='bbox 498 2414 626 2455; x_wconf 89' lang='lat' dir='ltr'>rebus</span> <span class='ocrx_word' id='word_1_318' title='bbox 660 2413 766 2454; x_wconf 74' lang='lat' dir='ltr'>satis</span> <span class='ocrx_word' id='word_1_319' title='bbox 802 2412 992 2455; x_wconf 70' lang='lat' dir='ltr'>dictum:</span> <span class='ocrx_word' id='word_1_320' title='bbox 1034 2428 1148 2455; x_wconf 84' lang='lat' dir='ltr'>nunc</span> <span class='ocrx_word' id='word_1_321' title='bbox 1184 2413 1237 2455; x_wconf 92' lang='lat' dir='ltr'>de</span> <span class='ocrx_word' id='word_1_322' title='bbox 1273 2414 1417 2454; x_wconf 87' lang='lat' dir='ltr'>uerbis</span> <span class='ocrx_word' id='word_1_323' title='bbox 1450 2413 1693 2456; x_wconf 79' lang='lat' dir='ltr'>dicendum.</span> <span class='ocrx_word' id='word_1_324' title='bbox 1752 2419 1868 2456; x_wconf 75' lang='lat' dir='ltr'>recte</span> 
     </span>
     <span class='ocr_line' id='line_1_34' title="bbox 327 2482 1870 2540; baseline 0.001 -17"><span class='ocrx_word' id='word_1_325' title='bbox 327 2484 514 2540; x_wconf 84' lang='lat' dir='ltr'>primurn</span> <span class='ocrx_word' id='word_1_326' title='bbox 547 2482 774 2524; x_wconf 73' lang='lat' dir='ltr'>Bentleius</span> <span class='ocrx_word' id='word_1_327' title='bbox 807 2488 897 2532; x_wconf 71' lang='lat' dir='ltr'>estl,</span> <span class='ocrx_word' id='word_1_328' title='bbox 931 2483 1046 2538; x_wconf 90' lang='lat' dir='ltr'>quod</span> <span class='ocrx_word' id='word_1_329' title='bbox 1078 2484 1189 2525; x_wconf 74' lang='lat' dir='ltr'>ratio</span> <span class='ocrx_word' id='word_1_330' title='bbox 1225 2483 1434 2539; x_wconf 74' lang='lat' dir='ltr'>postulat,</span> <span class='ocrx_word' id='word_1_331' title='bbox 1471 2498 1546 2539; x_wconf 90' lang='lat' dir='ltr'>pro</span> <span class='ocrx_word' id='word_1_332' title='bbox 1576 2484 1633 2526; x_wconf 75' lang='lat' dir='ltr'>sit</span> <span class='ocrx_word' id='word_1_333' title='bbox 1668 2483 1870 2539; x_wconf 77' lang='lat' dir='ltr'>reposuit.</span> 
     </span>
    </p>
   </div>
   <div class='ocr_carea' id='block_1_5' title="bbox 328 2627 1067 2943">
    <p class='ocr_par' dir='ltr' id='par_1_6' title="bbox 328 2627 1067 2943">
     <span class='ocr_line' id='line_1_35' title="bbox 373 2627 1064 2667; baseline 0.001 -9"><span class='ocrx_word' id='word_1_334' title='bbox 373 2629 382 2648; x_wconf 81' lang='lat'>¹</span> <span class='ocrx_word' id='word_1_335' title='bbox 407 2627 472 2659; x_wconf 85' lang='lat' dir='ltr'>hoc</span> <span class='ocrx_word' id='word_1_336' title='bbox 499 2627 699 2667; x_wconf 82' lang='lat' dir='ltr'>scripseram</span> <span class='ocrx_word' id='word_1_337' title='bbox 726 2637 804 2658; x_wconf 84' lang='lat' dir='ltr'>cum</span> <span class='ocrx_word' id='word_1_338' title='bbox 831 2627 988 2659; x_wconf 87' lang='lat' dir='ltr'>nondum</span> <span class='ocrx_word' id='word_1_339' title='bbox 1015 2627 1064 2659; x_wconf 90' lang='lat' dir='ltr'>in-</span> 
     </span>
     <span class='ocr_line' id='line_1_36' title="bbox 328 2681 1064 2721; baseline -0.001 -7"><span class='ocrx_word' id='word_1_340' title='bbox 328 2682 535 2715; x_wconf 79' lang='lat' dir='ltr'>tenexissem</span> <span class='ocrx_word' id='word_1_341' title='bbox 559 2681 665 2713; x_wconf 86' lang='lat' dir='ltr'>fuisse</span> <span class='ocrx_word' id='word_1_342' title='bbox 688 2681 747 2721; x_wconf 87' lang='lat' dir='ltr'>qui</span> <span class='ocrx_word' id='word_1_343' title='bbox 774 2682 1001 2714; x_wconf 81' lang='lat' dir='ltr'>indicatiuum</span> <span class='ocrx_word' id='word_1_344' title='bbox 1029 2682 1064 2713; x_wconf 88' lang='lat' dir='ltr'>in</span> 
     </span>
     <span class='ocr_line' id='line_1_37' title="bbox 330 2738 1066 2779; baseline 0 -9"><span class='ocrx_word' id='word_1_345' title='bbox 330 2738 484 2770; x_wconf 77' lang='lat' dir='ltr'>oratione</span> <span class='ocrx_word' id='word_1_346' title='bbox 538 2738 676 2777; x_wconf 86' lang='lat' dir='ltr'>obliqua.</span> <span class='ocrx_word' id='word_1_347' title='bbox 730 2738 876 2770; x_wconf 81' lang='lat' dir='ltr'>Manilio</span> <span class='ocrx_word' id='word_1_348' title='bbox 925 2742 1066 2779; x_wconf 78' lang='lat' dir='ltr'>negaret</span> 
     </span>
     <span class='ocr_line' id='line_1_38' title="bbox 332 2792 1067 2835; baseline 0 -11"><span class='ocrx_word' id='word_1_349' title='bbox 332 2792 572 2835; x_wconf 81' lang='lat' dir='ltr'>(Tappertzius</span> <span class='ocrx_word' id='word_1_350' title='bbox 607 2793 645 2823; x_wconf 80' lang='lat' dir='ltr'>de</span> <span class='ocrx_word' id='word_1_351' title='bbox 677 2792 945 2824; x_wconf 71' lang='lat' dir='ltr'>coniunctionum</span> <span class='ocrx_word' id='word_1_352' title='bbox 976 2794 1067 2834; x_wconf 78' lang='lat' dir='ltr'>apud</span> 
     </span>
     <span class='ocr_line' id='line_1_39' title="bbox 331 2846 1067 2887; baseline 0 -9"><span class='ocrx_word' id='word_1_353' title='bbox 331 2848 514 2878; x_wconf 78' lang='lat' dir='ltr'>Manilium</span> <span class='ocrx_word' id='word_1_354' title='bbox 544 2856 605 2877; x_wconf 74' lang='lat' dir='ltr'>usu</span> <span class='ocrx_word' id='word_1_355' title='bbox 632 2847 726 2883; x_wconf 84' lang='lat'>1892,</span> <span class='ocrx_word' id='word_1_356' title='bbox 752 2856 783 2886; x_wconf 90' lang='lat' dir='ltr'>p.</span> <span class='ocrx_word' id='word_1_357' title='bbox 812 2847 880 2887; x_wconf 84' lang='lat'>24).</span> <span class='ocrx_word' id='word_1_358' title='bbox 927 2846 956 2877; x_wconf 91' lang='lat' dir='ltr'>is</span> <span class='ocrx_word' id='word_1_359' title='bbox 988 2857 1067 2878; x_wconf 87' lang='lat' dir='ltr'>cum</span> 
     </span>
     <span class='ocr_line' id='line_1_40' title="bbox 331 2902 1067 2943; baseline 0.001 -9"><span class='ocrx_word' id='word_1_360' title='bbox 331 2912 374 2934; x_wconf 92' lang='lat'>111</span> <span class='ocrx_word' id='word_1_361' title='bbox 405 2903 467 2933; x_wconf 83' lang='lat'>385</span> <span class='ocrx_word' id='word_1_362' title='bbox 499 2902 718 2934; x_wconf 82' lang='lat' dir='ltr'>‘uarientur’</span> <span class='ocrx_word' id='word_1_363' title='bbox 749 2912 810 2943; x_wconf 89' lang='lat' dir='ltr'>pro</span> <span class='ocrx_word' id='word_1_364' title='bbox 849 2903 1067 2935; x_wconf 78' lang='lat' dir='ltr'>‘uariantur&#39;</span> 
     </span>
    </p>
   </div>
   <div class='ocr_carea' id='block_1_6' title="bbox 1134 2628 1873 2945">
    <p class='ocr_par' dir='ltr' id='par_1_7' title="bbox 1134 2628 1873 2945">
     <span class='ocr_line' id='line_1_41' title="bbox 1134 2628 1870 2670; baseline 0 -10"><span class='ocrx_word' id='word_1_365' title='bbox 1134 2629 1235 2668; x_wconf 81' lang='lat' dir='ltr'>legat,</span> <span class='ocrx_word' id='word_1_366' title='bbox 1260 2629 1403 2660; x_wconf 78' lang='lat' dir='ltr'>fortasse</span> <span class='ocrx_word' id='word_1_367' title='bbox 1433 2628 1498 2660; x_wconf 82' lang='lat' dir='ltr'>hoe</span> <span class='ocrx_word' id='word_1_368' title='bbox 1530 2639 1664 2669; x_wconf 90' lang='lat' dir='ltr'>quoque</span> <span class='ocrx_word' id='word_1_369' title='bbox 1694 2629 1768 2661; x_wconf 90' lang='grc'><strong>1000</strong></span> <span class='ocrx_word' id='word_1_370' title='bbox 1791 2632 1870 2670; x_wconf 88' lang='lat' dir='ltr'>‘gu-</span> 
     </span>
     <span class='ocr_line' id='line_1_42' title="bbox 1134 2683 1872 2726; baseline 0.003 -12"><span class='ocrx_word' id='word_1_371' title='bbox 1134 2683 1274 2715; x_wconf 82' lang='lat' dir='ltr'>bernat’</span> <span class='ocrx_word' id='word_1_372' title='bbox 1315 2684 1402 2725; x_wconf 82' lang='lat'>(892)</span> <span class='ocrx_word' id='word_1_373' title='bbox 1443 2686 1476 2715; x_wconf 75' lang='lat' dir='ltr'>et</span> <span class='ocrx_word' id='word_1_374' title='bbox 1522 2683 1738 2723; x_wconf 80' lang='lat' dir='ltr'>‘dispensat‘</span> <span class='ocrx_word' id='word_1_375' title='bbox 1780 2684 1872 2726; x_wconf 85' lang='lat'>(893)</span> 
     </span>
     <span class='ocr_line' id='line_1_43' title="bbox 1135 2737 1873 2777; baseline 0.003 -9"><span class='ocrx_word' id='word_1_376' title='bbox 1135 2737 1310 2769; x_wconf 75' lang='lat' dir='ltr'>moliatur.</span> <span class='ocrx_word' id='word_1_377' title='bbox 1357 2737 1447 2777; x_wconf 89' lang='lat' dir='ltr'>quod</span> <span class='ocrx_word' id='word_1_378' title='bbox 1463 2741 1577 2769; x_wconf 78' lang='lat' dir='ltr'>tamen</span> <span class='ocrx_word' id='word_1_379' title='bbox 1592 2747 1703 2777; x_wconf 89' lang='lat' dir='ltr'>neque</span> <span class='ocrx_word' id='word_1_380' title='bbox 1724 2740 1762 2769; x_wconf 79' lang='lat' dir='ltr'>ut</span> <span class='ocrx_word' id='word_1_381' title='bbox 1782 2739 1873 2770; x_wconf 80' lang='lat' dir='ltr'>ratio</span> 
     </span>
     <span class='ocr_line' id='line_1_44' title="bbox 1135 2793 1871 2833; baseline 0 -9"><span class='ocrx_word' id='word_1_382' title='bbox 1135 2793 1166 2824; x_wconf 87' lang='lat' dir='ltr'>ei</span> <span class='ocrx_word' id='word_1_383' title='bbox 1182 2795 1316 2825; x_wconf 78' lang='lat' dir='ltr'>constet</span> <span class='ocrx_word' id='word_1_384' title='bbox 1332 2803 1467 2825; x_wconf 84' lang='lat' dir='ltr'>necesse</span> <span class='ocrx_word' id='word_1_385' title='bbox 1480 2796 1531 2824; x_wconf 75' lang='lat' dir='ltr'>est</span> <span class='ocrx_word' id='word_1_386' title='bbox 1543 2803 1652 2833; x_wconf 90' lang='lat' dir='ltr'>neque</span> <span class='ocrx_word' id='word_1_387' title='bbox 1668 2793 1871 2833; x_wconf 83' lang='lat' dir='ltr'>legentibus,</span> 
     </span>
     <span class='ocr_line' id='line_1_45' title="bbox 1136 2846 1873 2888; baseline 0.001 -10"><span class='ocrx_word' id='word_1_388' title='bbox 1136 2850 1174 2879; x_wconf 78' lang='lat' dir='ltr'>ut</span> <span class='ocrx_word' id='word_1_389' title='bbox 1206 2847 1339 2888; x_wconf 88' lang='lat' dir='ltr'>opinor,</span> <span class='ocrx_word' id='word_1_390' title='bbox 1373 2847 1473 2879; x_wconf 81' lang='lat' dir='ltr'>facile</span> <span class='ocrx_word' id='word_1_391' title='bbox 1504 2846 1722 2887; x_wconf 81' lang='lat' dir='ltr'>persuaserit.</span> <span class='ocrx_word' id='word_1_392' title='bbox 1782 2847 1873 2887; x_wconf 81' lang='lat' dir='ltr'>quod</span> 
     </span>
     <span class='ocr_line' id='line_1_46' title="bbox 1136 2901 1871 2945; baseline 0.001 -10"><span class='ocrx_word' id='word_1_393' title='bbox 1136 2913 1215 2935; x_wconf 83' lang='lat' dir='ltr'>eum</span> <span class='ocrx_word' id='word_1_394' title='bbox 1242 2903 1419 2935; x_wconf 79' lang='lat' dir='ltr'>indicatiui</span> <span class='ocrx_word' id='word_1_395' title='bbox 1445 2912 1507 2945; x_wconf 85' lang='lat' dir='ltr'>pro</span> <span class='ocrx_word' id='word_1_396' title='bbox 1535 2901 1754 2935; x_wconf 74' lang='lat' dir='ltr'>subiunctiuo</span> <span class='ocrx_word' id='word_1_397' title='bbox 1781 2912 1871 2936; x_wconf 84' lang='lat' dir='ltr'>sum—</span> 
     </span>
    </p>
   </div>
  </div>
 </body>
</html>
