1966 3329
241 212 262 248 2
268 212 290 248 6
734 208 791 246 ,Sl
793 207 825 245 L
838 208 899 245 ΓΛ
940 207 1020 244 MA
1028 206 1096 243 NI
1097 202 1157 242 LI
1157 205 1188 241 A
1198 205 1284 241 NA.

328 343 382 372 111
407 330 428 373 7
453 346 512 386 sq.

414 430 500 456 non
531 414 793 456 coniuratosl
826 428 946 468 reges
978 412 1190 467 Troiaque
1222 411 1400 453 cadente

416 484 606 526 Hectora
636 484 849 533 uenalem,
881 482 1012 524 cineri
1045 481 1351 536 Priamumque
1384 480 1603 521 ferentem.

332 577 435 619 haec
457 582 501 618 et
518 582 791 632 praepostero
809 575 957 616 ordine
974 580 1204 615 narrantur
1221 582 1265 615 et
1282 572 1425 614 uerbis
1441 570 1786 613 intricatissimis.

244 646 350 702 quid
386 646 500 701 quod
537 646 747 687 bonorum
784 645 979 685 codicum
1016 659 1113 698 pars
1150 643 1285 683 maior
1320 641 1586 683 ‘cadentem'
1624 640 1786 681 habet?

245 716 359 772 quod
387 715 587 771 quamuis
615 714 757 769 ipsum
781 718 1032 767 corruptum
1056 711 1124 760 sit,
1146 711 1355 752 ‘cadente'
1380 711 1423 750 in
1445 709 1626 750 dubium
1649 713 1787 749 uocat.

245 787 351 827 fines
373 798 577 826 uersuum
602 782 745 823 sedem
767 781 883 822 inter
905 795 948 821 se
971 785 1257 821 mutauerunt
1274 779 1390 821 haud
1408 794 1501 820 raro
1518 778 1788 820 librariorum

247 870 411 906 errore;
444 854 491 895 cf.
516 853 724 894 adnotata
745 851 798 892 ad
822 862 876 891 ΙΙΙ
900 850 994 892 374.
1048 849 1202 891 scribe:

422 960 507 986 non
539 944 782 985 coniuratos
813 957 933 997 reges
964 941 1271 996 Priamumque
1304 940 1511 981 ferentem

423 1015 613 1056 Hectora
643 1012 845 1054 uenalem
877 1011 1010 1053 cineri
1041 1011 1291 1065 Troianue
1321 1009 1548 1051 cadenteM.

337 1120 391 1150 ΙΙΙ
413 1111 466 1150 87
490 1123 576 1163 sqq.

426 1188 501 1228 has
533 1192 680 1228 autem
714 1185 842 1226 facies
875 1199 1018 1225 rerum
1049 1198 1126 1238 per
1156 1182 1281 1238 signa
1311 1181 1483 1229 locatas,

425 1258 470 1298 in
502 1256 660 1312 quibus
691 1254 830 1296 omnis
861 1253 943 1295 erit
975 1253 1172 1293 fortunae
1204 1251 1378 1292 condita
1409 1264 1589 1298 summa,

428 1333 476 1367 ut
507 1326 563 1367 sit
594 1340 690 1366 cum
723 1324 872 1366 stellae
904 1328 1070 1378 septem
1102 1321 1337 1363 laeduntue
1369 1319 1591 1368 iuuantue,

378 1388 387 1396 Χ
426 1395 727 1437 cardinibusue
759 1398 907 1434 mouet
939 1391 1089 1433 diuina
1119 1390 1316 1446 potentia
1348 1388 1508 1429 mundi.

339 1488 460 1529 uaria
495 1487 741 1528 criticorum
782 1485 827 1525 in
865 1499 902 1525 u.
947 1485 1000 1525 89
1043 1481 1332 1538 temptamina
1373 1495 1470 1521 cum
1511 1478 1583 1520 diu
1627 1493 1797 1520 mecum

253 1557 486 1606 considero,
529 1555 638 1596 illud
671 1555 715 1595 in
759 1554 959 1595 omnibus
1000 1551 1194 1593 desidero
1232 1556 1280 1591 ut
1322 1548 1514 1590 codicum
1559 1547 1797 1603 scripturae

254 1627 440 1682 uestigia
471 1625 646 1682 propius
679 1630 926 1679 sequantur.
988 1622 1034 1663 hi
1067 1637 1164 1662 cum
1199 1621 1305 1661 haec
1347 1620 1505 1674 legant,
1536 1624 1581 1660 ut
1615 1618 1671 1659 sit
1706 1633 1799 1660 cum

255 1698 306 1747 G,
340 1703 381 1738 ut
414 1712 507 1739 cum
543 1694 718 1744 LCV„
756 1700 971 1748 utcumque
1004 1692 1058 1740 V2
1091 1690 1372 1740 Matritensis,
1410 1689 1601 1744 proxime
1637 1703 1662 1728 a
1697 1702 1800 1728 uero

258 1766 580 1810 Gemblacensis
610 1765 737 1806 lectio
770 1764 919 1805 abesse
950 1762 1139 1811 uidetur,
1178 1760 1277 1802 inde
1315 1761 1361 1800 in
1398 1759 1551 1800 ceteris
1583 1757 1798 1813 gradatim

256 1836 469 1884 descendi,
503 1851 601 1877 cum
634 1835 708 1875 illa
738 1834 928 1890 primum
960 1832 1005 1873 in
1036 1838 1083 1874 ut
1114 1846 1219 1881 own,
1252 1846 1352 1872 mox
1384 1830 1464 1871 hoc
1501 1829 1543 1870 in
1579 1834 1800 1883 utcumque

257 1907 544 1962 deprauatum
581 1904 647 1945 sit.
709 1903 857 1958 itaque
895 1918 917 1943 e
951 1899 1273 1944 Gemblacensis
1304 1899 1517 1954 scriptura
1547 1904 1593 1940 ut
1621 1898 1677 1939 sit
1707 1912 1802 1940 cum

257 1975 403 2032 potius
435 1973 620 2015 eruerim
653 1983 790 2014 SIOVT
818 1981 955 2020 QVAM
975 1970 1124 2025 (quam
1148 1968 1349 2010 feminini
1373 1966 1543 2022 generis
1575 1967 1660 2020 est)
1688 1965 1801 2021 quod

258 2045 426 2087 litteras
448 2049 590 2084 mutet
610 2055 847 2098 perpaucas
869 2046 913 2082 et
935 2038 1178 2081 sententiae
1199 2037 1328 2094 plane
1351 2036 1596 2078 satisfaciat.

348 2146 402 2176 ΠΙ
436 2136 518 2175 142
550 2148 624 2188 pro
655 2131 805 2173 ‘alias'
836 2130 952 2185 (aliis
983 2130 1056 2187 Vl)
1089 2129 1198 2171 ‘alia
1226 2128 1314 2169 est'
1346 2127 1550 2183 Scaliger,
1579 2132 1694 2168 recte
1721 2125 1805 2166 nisi

261 2204 376 2261 quod
397 2204 545 2245 aliasr
562 2201 849 2243 scribendum.

350 2308 405 2337 111
430 2298 512 2337 154

438 2377 517 2416 hac
547 2375 593 2415 in
623 2379 746 2429 parte
778 2373 867 2415 dies
898 2378 1020 2427 atque
1050 2371 1149 2414 haec
1182 2375 1403 2412 momenta
1433 2369 1662 2410 dabuntur.

352 2484 464 2525 quae
506 2468 551 2508 in
592 2467 672 2507 hoc
715 2481 842 2507 uersu
884 2464 1043 2506 menda
1083 2469 1218 2512 erant,
1250 2462 1396 2503 omnia
1436 2461 1608 2502 sublata
1648 2465 1750 2501 sunt
1783 2474 1809 2500 a

268 2539 464 2581 Bentleio
500 2542 669 2592 praeter
702 2535 809 2576 illud
851 2549 985 2575 unum
1027 2538 1161 2587 atque,
1199 2547 1274 2587 pro
1309 2545 1393 2585 quo
1428 2530 1556 2570 nimis
1591 2544 1616 2570 a
1651 2528 1809 2570 litteris

268 2609 469 2651 recedens
490 2608 613 2662 inque
634 2605 829 2647 coniecit.
889 2619 942 2644 ne
964 2609 1110 2643 actum
1133 2616 1270 2656 agam,
1294 2600 1403 2640 nihil
1420 2598 1602 2640 monebo
1619 2597 1702 2639 nisi
1719 2599 1810 2647 hoc,

269 2679 357 2721 dies
388 2677 501 2733 quod
533 2690 658 2717 sensu
687 2675 812 2730 plane
841 2678 957 2714 caret
986 2671 1040 2713 ab
1069 2670 1351 2712 oscitantibus
1377 2667 1562 2709 librariis
1584 2666 1809 2708 inductum

313 2796 324 2815 1
349 2795 481 2827 codices
503 2796 548 2826 acl
568 2798 701 2825 curatos
721 2803 760 2824 ex
780 2802 846 2832 quo
867 2793 1005 2823 adiura-
1074 2788 1137 2820 tali
1166 2788 1273 2820 huius
1303 2787 1400 2819 uerbi
1430 2784 1690 2826 significatione,
1721 2784 1812 2824 quod

270 2855 319 2881 tos
341 2849 460 2881 elicere
479 2848 554 2880 uult
575 2846 811 2886 Rossbergius,
828 2845 888 2876 uix
902 2848 1003 2883 recte,
1075 2843 1214 2883 quidem
1248 2842 1294 2874 ad
1325 2840 1460 2873 Manilii
1492 2842 1640 2871 aetatem
1670 2838 1808 2878 attinet,

271 2907 309 2936 ut
337 2904 477 2944 opinor;
512 2913 592 2934 nam
624 2902 663 2933 de
695 2899 878 2941 participio
905 2902 938 2930 et
966 2898 1008 2930 de
1075 2899 1345 2938 haudquaquam
1363 2896 1448 2928 satis
1463 2897 1610 2927 constat.
