1966 3329
284 203 306 239 2
782 201 870 238 SJL
883 200 944 238 VA
987 199 1228 236 MANILIA
1240 199 1326 236 NA.

285 323 535 374 orationem,
557 322 823 364 mentionem
846 320 1078 362 desiderari
1100 320 1282 375 Aquari;
1314 320 1461 374 itaque
1487 318 1571 359 huc
1599 319 1673 359 illa
1698 318 1830 360 uerba

286 393 466 435 transire
489 393 624 441 iussit,
649 392 694 432 in
716 392 830 432 hunc
852 391 1026 432 modum
1050 391 1219 432 reficta:

477 493 573 533 pars
604 484 661 520 est
686 478 832 533 prima
866 493 1013 520 nocens
1044 478 1251 519 humentis
1283 490 1451 531 semper
1482 475 1648 530 Aquari
1662 480 1684 517 ¹.

287 564 350 605 ita
387 564 561 605 demum
599 579 674 605 suo
712 564 799 605 loco
837 579 918 604 non
960 563 1081 604 deest
1122 564 1195 604 ille
1232 578 1382 604 uersus
1419 563 1491 617 qui
1530 567 1659 603 antea
1693 561 1833 602 alieno

289 639 509 688 supererat
533 633 601 673 uel
622 633 765 688 potius
787 633 944 674 oberat.

377 717 505 757 quam
544 702 702 743 uellem
740 701 918 743 eandem
954 702 997 742 in
1030 713 1060 742 V
1094 717 1131 742 u.
1167 704 1248 742 514-
1282 704 1385 750 (543
1424 701 1588 753 Iacobi)
1621 700 1830 742 rationem

289 778 460 812 secutus
482 774 609 812 esset!
661 770 728 811 hic
751 771 863 811 inter

407 856 506 897 hinc
539 856 743 910 Pompeia
774 861 950 896 manent
981 855 1140 896 ueteris
1173 860 1455 895 monumenta
1485 854 1697 910 triumphi

290 930 335 966 ct

483 997 567 1023 non
601 982 812 1023 exstincta
842 982 913 1022 lue
946 996 1199 1036 semperque
1232 981 1422 1022 recentia
1453 980 1638 1021 fiammis

290 1074 381 1115 1000
412 1074 672 1115 alienissimo
703 1074 863 1128 legitur

450 1165 495 1201 et
527 1160 637 1215 quod
672 1165 764 1200 erat
795 1175 977 1215 regnum
1011 1160 1189 1215 pelagus
1220 1159 1304 1200 fuit
1335 1174 1422 1200 una
1453 1159 1674 1200 malorum.

379 1251 493 1292 hunc
525 1267 563 1293 u.
595 1251 776 1292 Iacobus
808 1251 970 1306 optime
999 1258 1096 1306 post
1127 1253 1209 1291 542
1239 1250 1515 1305 transposuit,
1544 1251 1707 1305 optime
1733 1265 1835 1306 quo-

292 1335 385 1376 que,
423 1320 537 1376 quod
573 1335 598 1361 a
633 1320 847 1375 prioribus
888 1335 1057 1376 quoque
1095 1325 1312 1375 repertum
1352 1326 1453 1369 erat,
1487 1335 1562 1374 pro
1598 1319 1836 1375 ozazfi'ayia

291 1390 348 1443 (u.
374 1390 476 1442 542)
496 1389 732 1444 oza'zrt'fmya
754 1388 935 1429 totidem
959 1389 1114 1430 litteris
1136 1388 1368 1436 reuocauit,
1390 1389 1478 1429 1000
1502 1388 1560 1429 sic
1582 1389 1811 1429 reformato
1829 1404 1837 1429 :

408 1475 517 1516 hanc
548 1475 763 1529 quondam
798 1490 960 1530 poenae
993 1475 1182 1515 dirorum
1215 1475 1339 1530 culpa
1369 1479 1600 1529 parentum
1754 1476 1838 1516 540

406 1543 609 1598 prodidit,
641 1543 822 1584 infestus
852 1544 955 1585 totis
987 1558 1083 1584 cum
1116 1544 1274 1584 finibus
1306 1543 1444 1584 omnis

407 1612 606 1653 incubuit
637 1618 808 1667 pontus,
870 1612 1021 1653 timuit
1052 1612 1275 1666 nauifraga
1306 1612 1436 1654 tellus
1755 1614 1837 1653 542

409 1688 452 1722 et
483 1681 598 1736 quod
629 1688 721 1724 erat
752 1697 932 1737 regnum
965 1683 1143 1738 pelagus
1175 1683 1270 1724 fuit.
1331 1698 1419 1724 una
1451 1682 1659 1724 malorum
1755 1683 1838 1723 514
1873 1683 1878 1688 ”

408 1751 625 1805 proposita
656 1757 721 1792 est
754 1766 914 1792 merces
946 1766 1105 1792 uesano
1136 1751 1291 1792 dedere
1323 1757 1455 1806 ponto
1755 1752 1838 1792 543

409 1820 727 1870 Andromedan,
758 1826 927 1862 teneros
960 1827 1010 1862 ut
1040 1821 1186 1862 bellua
1218 1821 1441 1862 manderet
1471 1826 1599 1862 artus.

381 1907 502 1948 uides
533 1907 755 1961 aptissime
786 1908 909 1962 regni
938 1909 982 1948 in
1015 1909 1239 1963 ‘pelagus'
1272 1909 1467 1949 conuersi
1497 1909 1566 1949 hic
1597 1908 1690 1950 fieri
1720 1924 1838 1950 men-

292 1977 467 2026 tionem,
512 1977 734 2032 aptissime
786 1978 906 2018 illam
954 1978 1194 2019 mercedem
1244 1983 1333 2018 tam
1384 1978 1498 2019 nude
1540 1978 1725 2033 positam
1766 1993 1842 2033 per

293 2043 549 2085 ‘malorum'
585 2044 683 2085 sede
716 2050 886 2086 mutata
917 2045 1001 2085 iam
1034 2046 1237 2086 facillime
1269 2046 1500 2100 explicari;
1537 2046 1609 2086 sed
1642 2045 1842 2101 displicet

292 2113 399 2154 illud
423 2113 573 2155 timuit.
637 2128 711 2154 cur
733 2113 847 2154 enim
870 2128 980 2168 quae
1003 2115 1188 2155 nauibus
1212 2114 1405 2156 timenda
1427 2120 1520 2156 erat
1547 2116 1638 2169 ipsa
1666 2115 1841 2156 timeret

292 2183 451 2231 tellus?
532 2182 667 2236 magis
708 2182 839 2223 etiam
881 2183 1080 2237 displicet
1120 2184 1227 2239 ficit,
1270 2184 1520 2238 praesertim
1563 2199 1660 2225 cum
1701 2183 1840 2226 ‘erat’

292 2251 579 2292 antecesserit.
641 2252 936 2306 reponendum
969 2254 1253 2308 FRE1mzcit(f
1276 2259 1372 2308 post
1388 2253 1426 2308 s
1440 2253 1646 2294 excidisse
1673 2253 1747 2294 uix
1776 2260 1841 2295 est

295 2320 409 2375 quod
426 2321 658 2373 monea1n);
691 2335 787 2360 mox
799 2320 939 2375 ful-zie.
987 2327 1221 2376 utrumque
1245 2337 1341 2363 cum
1365 2337 1518 2364 uesano
1532 2329 1661 2378 ponto
1678 2322 1841 2378 optime

296 2389 511 2431 conuenit.

381 2480 528 2535 spuria
549 2481 747 2522 Bentleio
771 2481 864 2522 uisa
886 2488 988 2523 sunt
1011 2494 1025 2523 Ι
1052 2485 1275 2524 128-131
1295 2500 1302 2524 :

411 2565 502 2605 siue
534 2565 771 2606 indiuiduis
803 2565 845 2606 in
879 2566 995 2607 idem
1027 2567 1220 2608 reditura
1253 2567 1393 2608 soluta

411 2634 631 2689 principiis
662 2641 819 2676 natura
850 2643 997 2677 manet
1029 2642 1124 2690 post
1155 2637 1324 2678 saecula
1357 2637 1474 2678 mille

414 2708 457 2744 et
489 2718 625 2758 paene
657 2718 708 2744 ex
740 2704 875 2744 nihilo
907 2711 1130 2760 sumptum
1164 2712 1228 2747 est
1261 2706 1533 2760 nihilumque
1566 2706 1760 2748 futurum

413 2787 622 2827 caecaque
655 2774 855 2815 materies
887 2775 1054 2815 caelum
1087 2775 1266 2830 perfecit
1298 2782 1341 2816 et
1372 2777 1529 2817 orbem.

356 2885 368 2905 1
392 2895 478 2917 num
494 2888 584 2917 recte
592 2886 772 2928 fundentis
788 2888 987 2926 mutauerit,
1006 2889 1153 2921 fortasse
1170 2889 1326 2928 dubites3
1351 2892 1463 2922 cetera
1479 2890 1674 2923 certissima
1691 2893 1782 2924 sunt.
