1966 3329
301 201 351 241 58
797 206 886 245 SIL
900 207 959 245 VA
1002 206 1340 246 MANJLJANA.

309 326 587 383 Wortsbrmen
609 327 687 369 sub
710 329 839 370 uerbo
862 331 1093 373 arcitenens
1169 332 1251 373 268
1278 330 1424 385 partis
1496 332 1580 371 310
1602 330 1682 372 tris
1755 329 1836 371 317

291 397 476 453 finisque
517 412 614 439 011111
658 397 871 453 Lipsiensi
913 399 1009 440 aliis
1089 402 1172 441 319
1209 400 1353 455 partis
1434 401 1513 441 341
1558 399 1749 455 adfectus
1796 404 1841 440 et

301 464 460 506 similia
490 465 593 507 alibi
667 469 749 507 342
783 468 960 522 triqonis
992 473 1040 508 ut
1074 467 1125 507 Ll
1199 470 1280 509 349
1313 468 1392 510 tris
1464 470 1547 509 398
1578 467 1766 510 submota
1797 472 1842 508 01

302 534 460 576 similia
487 535 590 576 alibi
671 537 754 576 423
784 536 851 578 Ne
880 543 994 578 recte
1074 538 1158 578 449
1179 537 1278 592 fers
1305 537 1450 579 stellas
1470 537 1539 590 (cf.
1561 536 1639 592 fer
1667 536 1727 586 L¹,
1747 535 1842 592 fert

301 603 431 644 ceteri
454 604 567 659 quod
590 619 615 644 a
638 619 738 646 uero
761 605 930 659 longius
951 605 1094 659 abest)
1155 606 1235 648 507
1261 607 1453 661 eriyonen
1477 606 1576 660 (sic)
1636 607 1720 648 624
1745 619 1840 660 que-

301 671 410 713 rella
432 672 608 714 fortasse
630 678 746 714 recte
808 676 891 716 633
913 674 1120 730 Scorpios.

390 751 443 781 ΙΙΙ
483 743 564 782 133
606 742 794 783 nutricia
836 748 949 784 recte
1033 745 1114 785 140
1160 744 1376 793 mdecudo,
1412 744 1450 785 h.
1489 759 1523 785 e.
1564 742 1780 792 ualetudo,
1816 756 1842 783 a

302 808 441 863 prima
472 824 600 849 manu
685 810 764 850 187
790 816 859 851 tem
885 826 960 865 pro
990 816 1088 859 tum,
1112 817 1161 852 ut
1189 811 1287 861 uid„
1309 812 1422 867 quod
1456 811 1610 853 melius
1691 810 1774 852 278
1795 815 1840 852 et

304 879 386 919 526
427 884 627 933 sequntur
663 884 705 918 et
742 878 787 919 in
869 881 951 921 516
992 887 1198 929 secuntur,
1231 887 1462 936 utrumque
1500 880 1679 935 probum
1756 882 1839 921 316

302 953 483 1002 quoqucct
563 949 644 988 325
683 962 887 990 conueaesa
923 949 1016 990 fort.
1046 955 1159 991 recte
1242 952 1323 991 332
1363 950 1520 992 limiter
1549 956 1634 992 octo
1665 950 1841 1005 propius

302 1030 403 1056 uero
424 1030 554 1070 quam
578 1016 690 1071 quod
714 1017 846 1058 ceteri
870 1017 1033 1059 habent
1093 1021 1176 1061 492
1192 1019 1347 1075 partis.

390 1095 438 1125 1V
475 1087 527 1126 13
560 1100 636 1140 que
666 1078 785 1137 ‚sellis
816 1085 873 1127 sic
911 1086 955 1127 in
987 1087 1217 1143 archetypo
1249 1088 1455 1143 scriptum
1488 1103 1579 1129 esse
1611 1102 1688 1143 que
1722 1087 1842 1129 rellis

303 1154 626 1196 euidentissime
668 1155 984 1197 demonstratur
1066 1159 1119 1198 28
1160 1158 1312 1200 montis
1393 1161 1474 1199 154
1512 1157 1694 1213 yrctcilis
1759 1159 1842 1198 254

305 1224 433 1266 noctis
509 1226 590 1266 269
617 1225 840 1281 pontisque
913 1229 997 1267 304
1026 1242 1143 1269 caeco
1173 1234 1221 1268 ut
1249 1228 1354 1269 coni.
1386 1228 1578 1284 Scaliger
1653 1229 1736 1268 514
1767 1226 1843 1269 tibi

303 1298 418 1334 recte
500 1295 583 1335 594
623 1294 779 1335 similis
820 1300 932 1336 recte
965 1298 1082 1348 (oum
1120 1296 1173 1346 V2
1204 1296 1239 1337 L
1280 1296 1316 1337 si
1352 1296 1457 1338 fides
1504 1296 1678 1349 Iacobo)
1759 1297 1838 1338 601

278 1350 288 1356 .
302 1362 479 1405 derectis
501 1369 614 1403 recte
637 1363 685 1403 cf.
709 1378 818 1418 quae
840 1378 971 1419 supra
991 1364 1295 1406 adnotauimus
1316 1369 1373 1420 (p.
1398 1366 1471 1418 21)
1544 1367 1625 1407 625
1646 1364 1843 1421 fzeyentis

303 1431 339 1472 h.
365 1445 398 1472 e.
421 1431 630 1487 fugientis
692 1434 774 1474 669
806 1432 989 1475 harenas
1050 1433 1128 1475 727
1162 1434 1349 1490 ‘ztiryinis
1370 1434 1410 1476 h.
1432 1450 1467 1476 e.
1490 1434 1677 1489 inriyuis
1696 1434 1841 1490 potius

302 1514 429 1555 quam
465 1499 643 1555 irrigtm's
717 1499 799 1541 728
832 1501 1050 1544 harenosis
1129 1502 1211 1544 740
1241 1503 1486 1558 εἰερΙιαηίαε
1513 1502 1763 1553 rectissime,
1793 1503 1840 1545 cf.

302 1568 524 1623 elephanta
545 1579 575 1609 V
598 1568 680 1611 706
744 1569 827 1610 754
850 1570 1015 1612 arabas.

389 1648 419 1677 V
445 1639 498 1678 23
521 1636 825 1679 Andromedan
901 1640 955 1680 34
979 1638 1116 1681 uisere
1137 1646 1250 1680 recte
1278 1646 1497 1695 receperat
1525 1640 1579 1681 ab
1606 1639 1701 1681 aliis
1730 1639 1843 1681 codi-

302 1706 421 1747 cibus
444 1706 668 1747 Bentleius
730 1709 784 1748 80
808 1707 987 1749 oblicum
1051 1710 1131 1748 122
1155 1708 1328 1750 tenentis
1379 1715 1423 1750 et
1447 1711 1528 1750 219
1551 1724 1679 1764 quam
1701 1723 1771 1751 nec
1792 1714 1842 1750 ut

304 1775 536 1816 Vossianus
562 1776 680 1817 alter.
742 1777 880 1818 fuerat
913 1777 956 1817 in
988 1777 1220 1832 archetypo
1242 1777 1293 1827 πῖ,
1316 1777 1393 1819 hoc
1415 1784 1479 1818 est
1502 1777 1589 1819 nisi
1608 1778 1722 1833 quod
1745 1793 1842 1819 con-

303 1845 403 1886 iecit
425 1845 717 1900 Rossbergius.
780 1845 857 1887 hoc
880 1852 922 1887 ηε
944 1846 982 1888 11.
999 1862 1031 1888 0.
1054 1861 1125 1889 nec
1148 1846 1318 1888 librario
1342 1847 1481 1887 uisum
1506 1853 1571 1888 est
1633 1849 1716 1888 280
1738 1848 1843 1890 actis

304 1915 343 1956 h.
373 1928 405 1955 e.
439 1914 548 1955 artis
624 1916 706 1955 283
737 1915 961 1970 pendentis
1035 1917 1120 1956 324
1153 1921 1331 1964 scaenae,
1365 1915 1409 1956 in
1444 1916 1679 1970 exemplari
1712 1916 1842 1958 fuisse

301 1997 476 2025 scaenae
498 1983 591 2024 luce
613 1983 768 2024 clarius
791 1989 855 2025 est
911 1986 995 2025 452
1013 1985 1163 2026 mentis
1215 1984 1295 2026 477
1320 1985 1483 2034 charus,
1499 1984 1576 2026 hoo
1598 1990 1662 2026 est
1684 1985 1843 2027 chartis

304 2054 384 2094 681
416 2051 585 2094 Vmoris
646 2054 730 2094 684
753 2059 988 2108 quoqueret.

390 2135 500 2176 quae
533 2121 577 2162 in
609 2121 751 2163 codice
783 2123 1021 2164 secundum
1063 2129 1258 2165 ueterum
1298 2138 1490 2164 normam
1528 2122 1687 2178 scripta
1723 2122 1842 2164 exhi-

302 2191 470 2239 bentur,
503 2198 552 2232 ut
584 2191 764 2247 ‘partis’
802 2192 969 2233 ‘umor'
1001 2192 1169 2243 similia,
1203 2207 1287 2248 quo
1318 2192 1370 2234 de
1400 2207 1556 2247 genere
1587 2192 1711 2248 plura
1743 2191 1842 2233 uide

302 2261 416 2316 apud
441 2261 638 2302 Ellisium
660 2261 704 2302 in
729 2262 1051 2303 Hermathenae
1075 2262 1164 2304 loco
1185 2262 1328 2311 citato,
1342 2262 1396 2303 ab
1418 2262 1509 2317 ipso
1531 2261 1704 2303 librario
1726 2267 1841 2303 certe

301 2345 387 2372 non
423 2337 726 2385 prouenerunt.
789 2346 890 2372 nam
927 2346 981 2373 ne
1020 2331 1291 2373 mediocriter
1327 2331 1502 2387 quidem
1544 2331 1695 2372 doctus
1736 2336 1840 2373 erat.

302 2399 449 2456 itaque
472 2415 547 2456 pro
570 2401 728 2456 insigni
752 2401 851 2442 fidei
873 2415 921 2442 ao
947 2401 1154 2443 bonitatis
1179 2407 1433 2456 argumento
1462 2406 1573 2442 sunt.
1634 2399 1708 2442 sed
1733 2399 1842 2442 illud

303 2469 432 2511 etiam
467 2469 678 2525 insignius
711 2470 823 2525 quod
856 2470 899 2510 in
932 2485 981 2511 eo
1012 2470 1104 2525 ipso
1137 2469 1226 2511 loco
1258 2485 1341 2525 quo
1373 2470 1588 2525 quadrata
1618 2484 1694 2524 per
1729 2484 1841 2510 com-

302 2538 509 2593 pendium
546 2543 639 2581 [lta
669 2538 875 2593 scriptum
909 2553 998 2580 esse
1030 2539 1370 2593 ingeniosissime
1401 2538 1675 2579 diuinauerat
1707 2538 1841 2580 Bent-

302 2608 410 2649 leius
442 2610 496 2661 (11
530 2609 633 2661 290)
659 2608 925 2649 Matritensis
959 2608 1103 2649 ‘Haec
1179 2608 1247 2649 ta'
1278 2607 1466 2663 praebet,
1497 2607 1678 2664 largiore
1709 2622 1838 2663 quam

302 2677 415 2732 quod
438 2678 546 2719 solet
567 2677 705 2733 spatio
728 2679 841 2719 inter
869 2677 1020 2719 ‘haec’
1043 2685 1087 2719 et
1109 2678 1199 2719 ‘ta'
1223 2678 1381 2720 relicto.
1433 2678 1518 2719 huc
1538 2678 1704 2719 accedit
1725 2677 1838 2733 quod

302 2746 345 2786 in
369 2757 418 2786 IV
441 2745 537 2796 745,
554 2746 629 2787 ubi
652 2747 767 2788 idem
790 2747 1016 2788 Bentleius
1038 2746 1288 2802 Capricorni
1310 2752 1456 2788 notam
1484 2754 1528 2788 Vr
1553 2761 1627 2801 pro
1652 2745 1840 2801 Capram

299 2814 501 2869 scriptam
524 2831 548 2856 a
570 2815 752 2857 librariis
779 2822 1023 2871 corruptam
1046 2830 1138 2857 esse
1161 2815 1410 2865 coniecerat,
1432 2815 1502 2856 hic
1530 2814 1662 2856 codex
1686 2814 1841 2864 uerxis,

301 2883 344 2923 in
366 2899 450 2939 quo
467 2884 575 2925 latet
591 2885 742 2925 notula
759 2884 811 2926 de
830 2884 929 2926 sede
947 2899 1025 2926 sua
1041 2884 1085 2925 in
1102 2885 1287 2926 alienam
1305 2884 1574 2940 transposita,
1593 2882 1839 2924 fidelissime
