1981 3334
542 233 601 271 ,sl
602 234 631 271 L
644 234 703 271 VA
748 235 822 272 MA
833 235 988 272 NILJA
1001 236 1084 273 NA.
1533 242 1544 277 l
1557 241 1576 276 7

133 353 186 395 dc
228 369 266 395 u.
313 356 397 396 890
440 360 554 396 recto
601 354 786 403 Ellisius,
831 355 984 397 Iacobo
1033 358 1272 414 ceterisque
1322 361 1580 410 adsentiens,

47 427 70 443 “
88 422 326 472 Bentleius,
367 430 416 465 ut
460 424 654 479 spurium
698 425 836 473 eiecit,
885 427 1080 481 quamvis
1123 427 1294 469 sublato
1339 429 1421 470 isto
1472 430 1583 471 desit

46 491 209 547 aliquid
250 493 304 534 ad
346 493 748 548 comparationem.'’
826 494 940 535 hunc
983 495 1097 536 enim
1143 511 1312 538 uersum
1356 498 1428 553 qui
1469 499 1582 545 eicit,

45 561 179 603 totius
219 561 298 603 loci
339 562 599 604 sententiam
641 563 838 604 funditus
880 564 1048 606 subruit
1090 572 1222 620 atque
1255 567 1424 608 euertit.
1468 567 1579 622 quod

45 643 220 671 excusso
252 636 404 685 poetae
441 639 695 686 argumento
733 631 826 673 luce
863 632 1018 673 clarius
1051 633 1288 688 apparebit.

131 698 276 740 omnia
308 713 417 754 quae
447 699 516 740 hic
544 699 742 755 disputat
776 700 980 741 Manilius
1017 716 1067 742 ex
1100 702 1191 757 ipsa
1228 702 1467 744 Stoicorum
1499 703 1583 745 dis-

44 765 204 822 ciplina
227 767 369 822 petita
395 774 509 809 sunt.
571 767 811 810 Stoicorum
842 769 1029 824 primum
1062 770 1169 812 illud
1198 786 1332 826 paene
1365 773 1580 828 proprium

45 839 112 876 est
134 834 284 876 mundi
313 841 512 876 naturam
536 842 716 877 naturae
744 836 929 878 hominis
955 838 1075 893 quasi
1099 853 1175 893 par
1200 840 1291 894 pari
1320 840 1583 896 respondere,

45 902 109 944 ita
129 909 181 946 ut
200 904 418 960 utrimque
441 904 492 946 de
516 911 698 961 utroque
720 907 809 962 peti
841 907 1003 961 possint
1026 915 1293 963 argumenta.
1355 909 1583 959 Cornutus,

47 977 95 1013 ut
123 987 260 1028 pauca
287 973 340 1015 de
368 973 518 1016 multis
546 975 739 1031 seligam,
761 991 896 1030 eaque
928 976 1010 1018 huc
1032 977 1217 1019 maxime
1239 978 1511 1033 pertinentia,
1534 979 1585 1021 cle

44 1046 129 1083 nat.
155 1041 326 1084 deorum
348 1057 436 1098 cap.
468 1044 491 1083 2
514 1058 553 1098 p.
578 1043 599 1084 7
623 1043 706 1097 (ed.
731 1043 962 1098 Villoison)
983 1045 1045 1086 ait
1069 1045 1239 1101 ὥσπερ
1264 1045 1308 1088 δὲ
1331 1047 1468 1099 ἡμεῖς
1492 1046 1580 1089 ἀπὸ

45 1111 226 1167 ψυχῆς
262 1109 604 1166 διοικούμεθα,
636 1110 764 1154 οὕτω
795 1113 868 1154 καὶ
900 1111 921 1153 ὁ
954 1114 1144 1167 κόσμος
1175 1115 1352 1172 ψυχὴν
1383 1115 1474 1172 ἔχει
1506 1114 1583 1167 τὴν

45 1177 327 1236 συνέχουσαν
358 1178 515 1222 aii-rou:
567 1179 730 1222 Seneca
762 1181 842 1236 Ep.
877 1183 940 1223 65.
977 1184 1029 1223 24
1063 1186 1204 1238 ‘quem
1239 1183 1283 1224 in
1319 1184 1397 1226 hoc
1431 1184 1583 1226 mundo

45 1245 184 1287 locum
227 1246 328 1289 deus
369 1247 548 1296 obtinet,
589 1247 696 1290 hunc
735 1248 778 1289 in
815 1249 979 1291 homine
1015 1250 1205 1301 animus3
1246 1251 1358 1306 quod
1397 1257 1461 1292 est
1498 1251 1583 1292 illic

46 1316 236 1365 materia,
259 1316 302 1357 id
334 1317 378 1357 in
411 1316 534 1359 nobis
555 1332 706 1373 corpus
728 1319 815 1359 est.’
878 1318 1033 1360 deinde
1056 1318 1297 1360 Stoicorum
1322 1325 1385 1360 est
1407 1320 1584 1375 spiritus

46 1385 196 1427 mundi
229 1392 474 1441 permeator
501 1386 873 1442 gubernatorque:
909 1387 1202 1429 Tertullianus
1228 1389 1354 1443 Apol.
1379 1391 1428 1429 21
1455 1389 1585 1430 ‘haec

47 1452 280 1496 Cleanthes
311 1455 356 1496 in
376 1456 578 1511 spiritum
600 1457 791 1512 congerit
813 1471 942 1511 quem
959 1463 1263 1512 permeatorem
1299 1458 1586 1499 amum-sitatis

47 1523 281 1576 affirmat';
312 1525 613 1581 Athenagoras
635 1526 823 1582 Sappho.
842 1541 874 1568 c.
893 1528 930 1575 6,
946 1541 984 1582 p.
1006 1526 1027 1567 7
1047 1538 1084 1575 Β,
1104 1526 1146 1568 οἱ
1166 1526 1210 1569 δὲ
1232 1526 1319 1569 ἀπὸ
1342 1529 1417 1578 τῆς
1439 1528 1583 1574 στοᾶς,

47 1592 130 1635 κᾶν
160 1596 254 1639 ταῖς
285 1595 604 1651 προσηγορίαις
636 1594 751 1637 κατὰ
779 1595 854 1639 τὰς
879 1596 1189 1652 παραλλάξεις
1219 1600 1293 1649 τῆς
1320 1595 1426 1646 ὕλης
1455 1594 1507 1637 δι’
1537 1595 1584 1647 ἧς

48 1664 163 1718 φασι
203 1663 251 1705 τὸ
295 1667 467 1717 πνεῦμα
508 1668 672 1722 χωρεῖν
713 1668 792 1708 τοῦ
835 1665 934 1708 θεοῦ
964 1665 1225 1717 πληθύνωσι
1256 1666 1305 1707 τὸ
1348 1665 1461 1707 θεῖον
1496 1667 1584 1708 τοῖς·

49 1730 248 1785 ὀνόμασι,
269 1735 330 1789 τῷ
351 1736 457 1787 γοῦν
478 1734 590 1790 ἔργῳ
609 1734 684 1776 ἕνα
707 1735 929 1787 νομίζουσι
951 1733 1027 1776 τὸν
1045 1733 1152 1776 θεόν.
1196 1733 1234 1776 εἰ
1248 1733 1331 1786 γὰρ
1354 1733 1374 1774 ὁ
1397 1733 1475 1786 μὲν
1493 1731 1586 1777 θεὸς·

48 1804 138 1857 πῦρ
175 1801 380 1859 τεχνικὸν
405 1802 490 1860 ὁδῷ
520 1802 702 1856 βαδίζον
728 1803 800 1846 ἐπὶ
824 1803 1016 1856 γενέσεις
1050 1803 1220 1857 κόσμου
1252 1801 1587 1858 ἐμπεριειληφὸς

49 1869 253 1917 ἅπαντας
303 1871 403 1917 τοὺς
451 1871 782 1928 σπερματικοὺς
821 1872 980 1927 λόγους
1028 1871 1125 1914 καθ’
1174 1871 1243 1917 οὓς
1284 1871 1452 1914 ἕκαστα
1491 1869 1586 1912 καθ’

49 1939 312 1996 εἱμαρμένην
335 1941 504 1995 γίνεται
531 1940 580 1983 τὸ
606 1940 650 1984 δὲ
674 1943 869 1995 πνεῦμα
899 1939 1053 1984 αὐτοῦ
1076 1939 1240 1994 διήκει
1266 1939 1322 1981 δι’
1351 1938 1474 1981 ’όλου
1501 1941 1587 1980 τοῦ

49 2007 258 2063 κόσμου,
291 2009 313 2051 ὁ
346 2008 440 2055 θεὸς
483 2009 543 2055 εἷς
578 2009 672 2051 κατ’
705 2008 862 2054 αὐτοὺς
895 2015 1021 2051 κ.τ.λ.
1067 2009 1197 2050 huius
1232 2009 1402 2050 animae
1435 2007 1587 2049 mundi

49 2083 196 2119 nostra
215 2077 361 2119 anima
381 2084 432 2119 ut
453 2092 551 2133 pars
573 2078 635 2121 ita
656 2078 810 2120 similis
831 2085 920 2129 est3
953 2078 1154 2119 Hermias
1175 2078 1289 2119 irris.
1317 2077 1459 2132 yentil.
1479 2077 1586 2132 phil.

50 2161 82 2189 c.
107 2146 131 2189 7
164 2147 236 2202 (de
266 2147 500 2202 Cleanthe)
529 2146 607 2199 τὴν
640 2147 684 2190 δὲ
716 2147 874 2205 ψυχὴν
907 2145 960 2189 δι’
984 2146 1088 2188 ὅλου
1119 2148 1195 2188 τοῦ
1227 2146 1396 2199 κόσμου
1425 2145 1588 2196 διήκειν

50 2216 105 2269 ἦς
137 2216 288 2272 μέρος
307 2217 622 2273 μετέχοντας
648 2218 774 2270 ἡμᾶς
807 2215 1189 2272 ἐμψυχοῦσθαι.
1227 2215 1404 2256 Manilio
1437 2214 1585 2256 eadem

17 2286 260 2342 -placuisse
300 2286 356 2328 ab
396 2286 487 2342 ipso
527 2286 759 2336 discimus;
802 2297 818 2326 Ι
853 2285 933 2327 247
977 2300 1064 2341 sqq.
1106 2285 1211 2326 ‘hoc
1251 2298 1357 2339 opus
1387 2282 1588 2324 immensi

50 2360 345 2397 constructum
374 2369 546 2411 corpore
567 2355 718 2396 mundi
745 2354 750 2410 Ι
780 2354 1057 2409 membraque
1089 2358 1268 2394 naturae
1294 2352 1464 2393 diuersa
1490 2365 1586 2392 con-

51 2423 146 2466 dita
176 2423 312 2465 forma
337 2422 342 2479 Ι
370 2423 500 2478 (aeris
531 2429 663 2479 atque
694 2423 807 2479 ignis
836 2429 976 2464 terrae
1004 2421 1233 2478 pelagique
1263 2420 1462 2473 iacentis)
1487 2418 1493 2473 Ι
1520 2419 1588 2461 uis

52 2491 222 2534 animae
249 2491 403 2534 diuina
429 2491 542 2548 regit
567 2506 770 2548 sacroque
802 2497 949 2533 meatu
979 2490 984 2547 Ι
1010 2490 1225 2546 conspirat
1250 2489 1355 2530 deus
1383 2495 1427 2530 et
1454 2487 1589 2529 tacita

52 2561 219 2602 ratione
251 2560 480 2616 yubernat’
515 2560 624 2614 (loco
667 2560 801 2602 nostri
842 2559 1081 2613 simillimo)
1122 2565 1166 2600 et
1207 2572 1277 2598 uu.
1309 2556 1383 2612 qui
1425 2562 1589 2597 nostros

52 2636 259 2672 secuntur
283 2629 412 2685 ‘quid
439 2629 611 2679 mirum,
641 2643 812 2670 noscere
842 2627 1052 2669 mundum
1080 2626 1084 2682 Ι
1113 2628 1148 2668 si
1176 2631 1356 2682 possunt
1384 2623 1589 2672 homines,

52 2697 211 2754 quibus
239 2703 306 2740 est
335 2703 379 2739 ct
406 2697 590 2739 mundus
616 2697 660 2738 in
687 2697 794 2753 ipsis
819 2694 824 2751 Ι
853 2695 1184 2750 exemplumque
1213 2694 1281 2735 dei
1313 2694 1491 2749 quisque
1524 2698 1588 2734 est

52 2767 98 2809 in
120 2767 310 2822 imayine
325 2766 512 2822 parua?
573 2772 639 2808 est
655 2765 769 2807 enim
785 2771 835 2807 ut
850 2765 894 2805 in
909 2779 1093 2820 corpore,
1110 2765 1169 2805 sic
1190 2763 1233 2804 in
1256 2763 1400 2803 anima
1420 2776 1588 2817 quoque

54 2851 153 2892 pars
184 2850 296 2892 quae
329 2842 475 2878 cetera
501 2842 624 2891 regat
649 2841 693 2877 et
723 2834 947 2890 gubernet,
978 2833 1231 2888 nullumque
1268 2846 1319 2873 ex
1351 2831 1589 2872 Stoicorum

54 2904 227 2961 placitis
255 2905 392 2961 magis
418 2910 568 2946 notum
593 2911 658 2946 est
679 2918 809 2960 quam
830 2902 938 2944 illud
960 2903 1035 2945 τοῦ
1058 2900 1316 2956 ἡγεμονικοῦ
1337 2899 1450 2956 quod
1472 2905 1516 2941 et
1547 2900 1590 2940 in

163 3003 197 3030 P.
219 3003 260 3030 M.
1460 2986 1481 3021 2
