1981 3334
591 228 678 266 SIL
693 228 750 265 ΓΑ
795 228 870 264 MA
880 228 977 264 Nll,
984 228 1036 264 ΙΛ
1047 228 1098 265 Ν.
1107 231 1129 265 Ι.
1579 232 1587 266 1
1601 233 1621 264 ῖῐ

93 346 173 390 tibi
205 347 408 388 euadunt.
472 346 550 387 hoc
577 346 611 387 si
639 346 778 387 uoluit
805 353 942 401 pocta,
966 361 1040 387 cur
1073 348 1239 388 ueniunt
1269 362 1433 402 operum
1464 348 1626 402 scripsit

96 430 194 457 cum
238 431 405 470 oper-mn
452 415 623 456 ueniunt
657 414 864 456 deberet?
932 415 1182 456 concinnius
1218 424 1261 456 ct
1297 416 1545 470 elegantius,
1583 424 1625 456 ut

97 485 258 540 opinor,
295 484 405 525 dixit
446 484 518 524 illc
562 490 741 525 „xxilzint
784 496 970 538 oper-Am.
1046 499 1140 524 mox
1184 500 1209 524 a
1252 484 1460 524 salmasio
1490 484 1630 539 fimes

97 553 258 608 accipio
294 568 347 594 ne
381 559 529 608 pontes
566 552 734 593 ‘mille'
773 560 1010 608 sequantur
1045 553 1204 594 ‘artes’
1267 553 1379 594 locus
1415 553 1472 593 sic
1511 552 1628 593 nobis

96 620 278 663 euadet:

210 705 282 747 ille
314 720 485 761 quoque
518 705 676 746 inflexa
708 706 868 746 fontem
902 705 975 760 qui
1008 706 1159 761 proicit
1191 721 1297 747 urna
1549 709 1629 747 259

211 780 416 829 cognatas
447 775 604 816 tribuit
637 774 854 815 iuuenalis
886 775 1102 829 Aquarius
1133 781 1267 816 artes:
1550 778 1631 816 260

211 859 383 886 cernere
416 844 496 886 sub
527 844 652 886 terris
684 844 831 893 undas,
866 845 1067 886 inducere
1100 845 1223 886 terris
1254 851 1290 887 et
1321 860 1387 899 (1.3.

212 920 256 955 et
287 908 612 969 peregrinantes
644 913 844 954 domibus
876 914 1135 968 suspendere
1168 914 1290 955 riuos,
1551 915 1630 955 265

211 981 370 1039 quippe
403 981 535 1022 etiam
570 981 721 1022 mundi
755 981 907 1022 faciem
941 981 1145 1036 sedesque
1179 982 1370 1023 monebit
1551 982 1629 1022 267

211 1050 397 1092 sidereas
429 1050 686 1105 caelumque
718 1065 880 1091 nouum
913 1050 1105 1091 uersabit
1136 1051 1178 1092 in
1212 1051 1367 1091 orbem.

214 1119 331 1161 mille
364 1119 444 1160 sub
477 1119 555 1160 hoc
587 1119 790 1160 habitant
822 1126 935 1160 artes
966 1134 1072 1174 quas
1103 1125 1318 1174 temperat
1349 1119 1488 1169 unda;
1552 1120 1632 1160 266

211 1202 322 1242 quae
349 1202 425 1243 per
450 1202 582 1243 aquas
610 1198 798 1228 NAVANT
820 1199 995 1242 operAm
1019 1188 1242 1242 fontesque
1265 1193 1511 1242 sequuntur.
1551 1188 1632 1228 269

215 1257 321 1298 mite
352 1272 490 1313 genus
521 1256 752 1312 dulcesque
783 1257 928 1298 fluunt
959 1256 1012 1298 ad
1044 1256 1199 1298 sidera¹
1232 1263 1388 1312 partus.

186 1357 236 1388 IV
259 1349 342 1389 498
365 1362 452 1402 sqq.

217 1425 297 1467 hae
328 1433 471 1480 partes
503 1425 691 1467 sterilem
724 1425 888 1467 ducunt·
919 1432 962 1467 et
993 1426 1144 1481 frigore
1176 1432 1219 1467 et
1251 1425 1341 1480 igni

215 1509 314 1536 aera
343 1494 413 1536 uel
445 1494 554 1535 sicco
587 1495 654 1536 uel
688 1495 799 1550 quod
832 1496 1099 1550 superauerit
1129 1510 1261 1545 umor,

217 1563 252 1605 si
283 1563 457 1618 rapidus
492 1564 661 1605 Mauors
693 1564 806 1620 ignis
838 1564 1049 1605 iaculatur
1082 1565 1125 1605 in
1158 1564 1279 1604 illum
1551 1566 1634 1605 500

219 1633 432 1675 Saturnus
463 1638 606 1674 sumet
635 1632 815 1687 glaciem
849 1632 1100 1674 Phoebusue
1132 1633 1298 1674 calores.

190 1724 306 1773 haec,
329 1725 593 1766 enumeratis
616 1739 728 1779 quae
760 1724 940 1779 singulis
967 1725 1009 1764 in
1042 1723 1174 1778 signis
1202 1730 1345 1779 partes
1372 1729 1564 1772 noceant,
1585 1722 1636 1764 de

103 1793 303 1836 omnibus
324 1792 573 1848 accipienda
595 1792 801 1833 Manilius
823 1792 1057 1848 subiungit.

190 1878 262 1905 uu,
293 1865 375 1905 500
405 1868 449 1904 et
480 1865 560 1904 501
591 1876 667 1917 pro
699 1861 854 1917 spuriis
887 1862 1065 1903 damnat
1102 1861 1253 1916 Fayus,
1282 1875 1410 1916 quem
1442 1859 1639 1915 sequitur

104 1931 237 1975 etiam
285 1931 479 1981 Iacobus,
521 1930 628 1972 haec
676 1931 913 1972 adnotans:
963 1936 1087 1971 ‘cum
1129 1930 1281 1971 ceteris
1331 1928 1639 1984 interpretibus

103 2002 269 2058 spurios
312 2000 455 2042 iudico
501 2015 635 2055 quum
681 2000 954 2055 planetarum
1000 1999 1237 2040 doctrinam
1291 1998 1335 2039 in
1391 1998 1519 2039 libros
1563 2002 1639 2038 aut

102 2085 189 2113 non
229 2076 417 2112 servatos
467 2075 544 2110 aut
594 2084 677 2110 non
725 2069 942 2110 absolutos
992 2067 1210 2109 reiecerit.'
1276 2067 1405 2108 miror
1455 2066 1640 2108 hominis

103 2140 383 2196 sagacitatem
420 2139 507 2194 qui,
541 2153 640 2179 cum
677 2137 728 2179 de
766 2137 886 2179 libris
927 2137 1020 2178 istis
1056 2143 1144 2178 tam
1180 2136 1287 2177 nihil
1329 2151 1371 2177 se
1408 2136 1512 2178 scire
1546 2151 1639 2191 pro-

104 2210 291 2258 fiteatur,
321 2209 396 2250 hos
424 2223 574 2250 uersus
601 2207 727 2249 istinc
756 2223 841 2249 non
870 2208 1038 2249 uenisse
1068 2222 1142 2262 pro
1171 2215 1286 2248 certo
1311 2206 1427 2247 sciat.
1491 2220 1639 2246 uerum

105 2279 326 2322 enimuero
354 2279 400 2319 hi
429 2293 578 2320 uersus
599 2278 653 2319 ad
675 2283 682 2298 ‘
702 2278 893 2333 partium
911 2278 918 2292 '
943 2277 1144 2319 notitiam
1166 2291 1250 2317 non
1272 2276 1415 2316 minus
1437 2289 1565 2329 quam
1587 2274 1640 2315 ad

105 2349 379 2404 planetarum
412 2347 649 2388 doctrinam
686 2346 919 2402 pertinent,
948 2351 998 2387 ut
1031 2345 1150 2386 nulla
1181 2345 1297 2385 iusta
1327 2358 1454 2385 causa
1484 2343 1539 2384 sit
1569 2357 1643 2384 cur

107 2432 159 2460 ex
181 2417 260 2458 hoo
282 2423 502 2472 tamquam
526 2430 578 2457 ex
601 2415 740 2456 alieno
770 2415 860 2456 loco
890 2415 1018 2455 furcis
1048 2414 1269 2455 eiciantur.
1321 2427 1501 2467 magnus
1529 2418 1643 2453 certe

108 2501 254 2529 eorum
288 2485 449 2526 uindex
487 2485 714 2526 Bentleius
751 2485 824 2540 qui
862 2499 932 2526 eos
969 2483 1178 2525 ‘auctoris
1212 2497 1302 2524 esse
1339 2481 1444 2523 dicit
1477 2487 1521 2522 et
1552 2481 1646 2521 illos

106 2553 275 2597 liberali
316 2568 444 2595 causa
480 2569 611 2595 manu
649 2553 824 2595 asserit?
887 2552 932 2593 hi
968 2552 1082 2593 enim
1119 2551 1153 2592 si
1193 2550 1449 2598 recidentur,
1482 2549 1646 2604 reliqua

108 2638 260 2666 manca
287 2629 331 2665 et
360 2623 516 2665 mutila
543 2630 655 2665 sunt.
716 2637 792 2677 par
817 2630 1098 2677 utrorumque
1121 2620 1336 2670 condicio;
1366 2634 1453 2661 una
1474 2619 1643 2667 abeant,

111 2708 198 2736 una
213 2699 428 2735 maneant.
478 2707 588 2748 quae
611 2692 655 2733 in
677 2692 819 2733 uerbis
836 2696 1036 2746 corrupta
1051 2697 1163 2739 sunt,
1180 2689 1381 2745 pleraque
1399 2686 1645 2728 emendauit

152 2805 164 2826 ¹
188 2806 234 2837 ad
263 2805 386 2844 sidera,
415 2805 444 2835 si
471 2804 608 2844 quidem
639 2813 763 2835 sanum
793 2806 845 2835 est
914 2801 1120 2842 pretandum
1146 2800 1210 2832 ‘ad
1233 2799 1352 2831 sideris
1378 2807 1484 2838 aquas
1508 2798 1644 2838 profun-

111 2859 300 2903 (Bentleius
323 2859 416 2891 enim
440 2868 510 2890 non
537 2859 610 2890 sine
636 2857 710 2889 ueri
737 2857 845 2898 specie
913 2856 1026 2888 dentis
1042 2855 1327 2888 similitudinem!

108 2916 150 2947 ab
171 2914 278 2946 sidere
299 2912 470 2955 coniecit),
492 2922 570 2944 curn
595 2912 719 2943 Ellisio
742 2911 844 2942 inter-
