1966 3329
300 217 321 253 3
327 217 348 254 6
796 219 852 258 SI
853 220 884 257 L
896 220 956 258 VA
1002 220 1079 257 MA
1087 220 1156 257 NI
1156 221 1219 258 LI
1217 221 1246 258 A
1256 221 1326 258 NA
1336 253 1342 258 .

298 338 434 381 scribe
468 339 694 389 macinae,
727 345 828 381 ante
868 346 1019 383 mentes
1052 341 1268 382 distincto.
1321 345 1371 381 ut
1403 346 1505 382 ante
1537 341 1581 382 in
1614 339 1847 396 ‘pacandi‚'

300 409 359 450 sic
388 424 503 451 nunc
532 410 576 450 in
606 409 790 450 ‘laudis'
821 409 1026 464 ambigua
1054 409 1368 464 significatione
1399 410 1575 452 luditur.
1636 409 1688 451 de
1721 409 1848 452 laude

300 477 553 533 simpliciter
574 493 649 533 pro
672 478 850 519 militari
883 478 1008 519 laude
1040 478 1180 533 posita
1209 493 1306 519 cum
1337 485 1510 520 taceant
1539 478 1688 528 lexica,
1711 493 1847 533 pauca

302 545 394 586 eius
419 546 742 600 significationis
771 561 983 601 apponam
1012 547 1231 601 exempla:
1264 547 1385 602 Prop.
1412 550 1445 588 1.
1477 549 1513 589 6.
1546 549 1597 589 29
1628 552 1738 588 ‘non
1768 561 1846 602 ego

301 630 395 656 sum
431 615 562 665 laudi,
585 630 667 656 non
700 621 828 657 natus
859 615 1033 657 idonens
1064 616 1215 656 armis:
1240 626 1242 659 !
1267 616 1375 656 hanc
1413 631 1481 657 me
1518 616 1722 658 militiam
1757 615 1848 656 fata

301 684 444 725 subire
469 685 644 733 uolunt,’
667 684 722 725 ib.
745 687 844 726 3.1.
870 687 921 725 15
945 699 1033 739 sqq.
1056 685 1219 734 ‘multi‚
1244 685 1392 735 Roma,
1415 692 1511 726 tuas
1538 684 1684 728 laudes
1713 699 1844 726 anna-

301 752 415 793 libus
445 752 742 794 addent—sed
775 752 887 807 quod
918 767 1022 807 pace
1059 753 1186 807 legas,
1219 768 1325 808 opus
1359 753 1438 795 hoc
1469 753 1521 795 de
1554 760 1701 796 monte
1733 768 1846 795 soro-

301 836 395 862 rum
423 820 427 867 Ι
457 821 615 863 detulit
640 821 805 862 intacta
831 821 989 876 pagina
1014 827 1159 862 nostra
1187 820 1280 871 uia‚'
1311 822 1402 863 Tib.
1436 825 1469 864 1.
1495 825 1528 863 1.
1555 826 1605 864 57
1637 827 1744 864 ‘non
1768 837 1845 878 ego

303 891 480 932 laudari
515 891 664 946 cupio‚'
700 894 733 932 Ξ.
768 894 803 933 5.
839 893 893 933 10
928 891 1105 932 ‘uictori
1141 891 1288 933 laudes
1319 892 1583 934 concinuisse
1613 892 1731 934 Ioui.'
1793 892 1846 934 de

304 959 380 1000 hac
413 959 589 1000 ‘laudis'
620 959 935 1015 significatione
968 959 1129 1000 multos
1160 959 1320 1001 abhinc
1350 974 1486 1001 annos
1519 960 1747 1002 admonuit
1778 975 1846 1002 me

300 1027 462 1069 amicus
485 1034 629 1069 noster
651 1028 706 1069 H.
734 1028 795 1070 W.
818 1027 871 1069 de
894 1028 1028 1083 Turpi
1050 1028 1184 1070 Vado.

389 1146 438 1176 IV
462 1138 542 1177 165
566 1150 653 1191 sqq.
676 1136 748 1189 (de
772 1136 925 1178 Cancri
947 1136 1028 1178 sub
1050 1151 1186 1192 eoque
1207 1142 1407 1178 natorum
1429 1136 1632 1193 ingenio).

475 1223 546 1264 ille
579 1229 709 1264 tenax
741 1223 875 1264 animi
908 1223 1133 1278 nullosque
1165 1223 1326 1264 effusus
1357 1222 1402 1264 in
1434 1238 1536 1265 usus
1762 1226 1842 1266 165

475 1292 676 1334 attribuit
709 1293 849 1334 uarios
881 1298 1085 1348 quaestus
1116 1298 1341 1347 artemque
1374 1292 1612 1334 lucrorum:

476 1376 613 1403 merce
644 1362 871 1417 peregrina
901 1362 1118 1402 fortunam
1152 1362 1259 1403 ferre
1292 1377 1368 1417 per
1401 1362 1527 1403 urbes

475 1436 518 1472 et
549 1431 699 1486 grauia
729 1445 923 1471 annonae
954 1431 1250 1485 speculantem
1282 1431 1482 1472 incendia
1512 1431 1656 1472 uentis

475 1500 645 1542 credere
677 1515 778 1556 opes
809 1500 987 1555 orbique
1019 1500 1132 1541 orbis
1163 1500 1277 1541 bona
1308 1500 1496 1541 uendere
1527 1515 1649 1555 posse

474 1574 624 1625 totque
656 1584 731 1624 per
763 1569 931 1624 ignotas
964 1569 1218 1610 commercia
1249 1569 1428 1625 iungere
1459 1576 1594 1610 terras
1760 1568 1844 1611 170

473 1645 603 1693 atque
635 1639 719 1680 alio
750 1638 830 1679 sub
862 1638 948 1680 sole
980 1653 1114 1679 nouos
1146 1638 1369 1693 exquirere
1401 1653 1550 1679 census

473 1713 517 1748 et
547 1722 690 1748 rerum
723 1707 860 1763 pretio
892 1707 1058 1748 subitas
1089 1721 1343 1762 componere
1375 1706 1556 1762 praedas

472 1777 651 1831 nauigat
682 1783 726 1818 et
757 1777 904 1818 celeris
936 1776 1123 1832 optando
1155 1776 1342 1818 sortibus
1374 1790 1508 1817 annos

472 1846 669 1887 dulcibus
702 1846 840 1888 usuris
871 1861 1008 1902 aequo
1040 1861 1210 1902 quoque
1243 1853 1440 1902 tempora
1470 1845 1633 1888 uendit.

473 1916 698 1971 ingenium
729 1916 874 1958 sollers
906 1931 1068 1972 suaque
1099 1916 1145 1957 in
1176 1916 1432 1972 compendia
1463 1930 1648 1972 pugnaX.
1759 1915 1841 1958 175

385 2017 563 2072 nauigat
584 2017 637 2058 ad
659 2018 962 2072 praecedentia
979 2018 1023 2059 hi
1041 2019 1234 2067 trahunt,
1251 2019 1313 2059 illi
1331 2019 1384 2060 ad
1403 2019 1645 2074 sequentia:
1676 2019 1844 2060 neutris

298 2090 447 2127 tamen
477 2086 691 2127 conuenit.
752 2101 852 2127 narn
885 2086 1157 2128 librariorum
1186 2088 1300 2128 fetus
1331 2095 1407 2138 est,
1438 2103 1524 2128 non
1557 2094 1719 2143 poetae.
1771 2088 1842 2129 hic

299 2154 526 2210 scripserat
558 2167 692 2196 ΝΑῙΈ
721 2167 843 2197 AGIT.
907 2156 1088 2197 Plautus
1120 2156 1165 2196 in
1190 2156 1468 2198 Friuolariae
1501 2157 1742 2212 fragmento
1775 2171 1841 2213 ap.

300 2224 412 2265 Fest.
432 2226 524 2274 166,
547 2227 601 2266 32
623 2230 631 2245 ‘
646 2240 756 2267 naue
776 2240 901 2280 φαεν-θ
922 2231 1094 2280 oportet
1116 2225 1230 2281 quod
1252 2240 1365 2279 agas,
1382 2240 1466 2266 non
1485 2225 1723 2274 ductarier?
1746 2225 1841 2267 Sal-

299 2293 456 2334 lustius
472 2293 503 2334 I
506 2309 571 2347 1⁶9·
595 2293 660 2342 77,
685 2297 709 2335 3
732 2300 859 2336 ‘naue
881 2294 1094 2335 fecerant.'
1155 2295 1336 2349 nazciyat
1357 2294 1627 2335 librariorum
1651 2294 1841 2336 incuriae

299 2362 494 2411 debetur,
513 2369 657 2404 mente
680 2363 733 2403 ad
756 2378 826 2404 uu.
844 2362 1070 2405 107—171
1091 2363 1397 2404 aberrantium.
1451 2362 1582 2403 simili
1604 2377 1743 2404 errore
1765 2378 1841 2418 pro

298 2432 412 2472 mztis
433 2434 483 2484 (V
506 2433 610 2482 359)
633 2432 895 2487 scripserunt
917 2433 1060 2474 nautis
1087 2432 1189 2486 quia
1213 2438 1341 2487 ponto
1372 2439 1670 2487 praecesserat.
1732 2432 1776 2474 in
1800 2448 1841 2475 u.

301 2503 351 2541 17
357 2502 383 2540 4
405 2499 631 2541 durissime
652 2500 817 2542 dictum
836 2507 994 2556 ‘aequo
1011 2515 1181 2555 quoque
1198 2501 1206 2516 '
1224 2500 1259 2541 si
1277 2507 1375 2542 cent.
1392 2515 1473 2556 per
1489 2507 1589 2544 cent.
1608 2501 1842 2556 significat;

299 2568 372 2610 sed
395 2583 522 2624 aequo
546 2569 720 2610 fortasse
742 2569 911 2624 generis
933 2569 1160 2610 masculini
1182 2577 1247 2610 est
1269 2576 1313 2610 et
1335 2584 1433 2610 cum
1456 2569 1646 2612 dulcibus
1665 2571 1840 2612 coniun-

298 2639 499 2693 gendum.

385 2746 435 2776 IV
469 2738 551 2777 200
573 2750 632 2791 sq.

471 2823 515 2864 in
549 2824 659 2864 uitio
690 2823 828 2865 bonus
862 2829 909 2864 ut
940 2830 1109 2865 teneros
1140 2823 1277 2878 pudor
1306 2823 1490 2878 impedit
1521 2837 1654 2865 annos

471 2907 711 2949 magnaque
743 2898 922 2934 naturae
954 2892 1193 2934 cohibendo
1223 2907 1403 2934 munera
1434 2892 1586 2934 frenat.
