1981 3334
540 253 629 292 SIL
641 253 700 291 ΓΑ
744 253 1083 293 MAXILIANA.
1531 256 1576 293 10

47 387 146 415 nam
169 388 266 415 cum
297 375 404 417 istae
438 375 614 417 uoculae
640 375 776 416 altera
805 375 846 416 111
870 376 1050 418 alteram
1081 376 1182 417 alibi
1213 391 1382 431 quoquc
1405 376 1579 422 abeunt,

49 448 143 484 tum
167 442 235 485 hic
256 443 363 485 illud
390 450 432 486 ut
446 458 594 485 ansam
612 443 780 485 dedisse
796 445 982 486 nouandi
1007 445 1119 486 haud
1143 444 1326 487 absurdo
1347 445 1582 499 suspiceris.

45 511 225 567 spiritus
257 514 381 566 (890)
414 527 490 568 pro
523 512 726 568 spiritum
760 513 859 554 olim
899 513 1178 555 emendatum
1209 521 1286 555 est.
1346 519 1456 555 etex
1494 525 1583 558 EST,

48 579 160 622 sicut
181 580 283 622 alibi
306 581 555 632 sexcenties,
578 596 603 622 a
625 581 808 622 librariis
829 581 1116 637 deprauatum
1135 588 1210 623 est.
1271 587 1399 623 totum
1423 580 1585 636 rapido,

47 648 83 690 si
105 649 336 691 contuleris
361 649 472 704 quod
502 655 546 690 et
574 649 810 691 Vossianus
841 657 886 692 et
911 650 1176 692 Matritensis
1198 656 1242 691 et
1264 649 1460 692 Cusanus
1481 652 1586 701 (toto

49 717 257 774 rapidtzi!
287 719 468 760 mutatis
498 719 612 760 inter
637 734 681 760 se
712 719 938 760 uerborum
975 719 1152 769 finibus)
1183 725 1226 760 ct
1264 716 1585 759 Gemblacensis

48 787 158 838 (toto
177 787 348 843 rapido,
370 788 510 843 priore
535 788 664 829 uerbo
694 788 738 829 in
763 789 1010 844 posterioris
1035 788 1364 830 similitudinem
1399 788 1586 837 mutato)

49 861 276 907 testantur,
294 856 337 897 in
360 856 592 912 archetypo
615 857 745 898 fuisse
767 864 1101 899 consentaneum
1124 863 1198 898 est.
1250 871 1302 897 ex
1325 855 1391 896 his
1412 861 1540 897 totam
1562 869 1588 896 a

49 924 266 967 codicibus
285 925 442 981 accipe,
464 926 631 981 rapido,
652 926 764 981 quod
787 926 894 967 1111111
917 933 994 975 est,
1015 925 1059 966 in
1082 924 1246 979 rapislk'
1266 929 1441 964 mutato.
1489 938 1585 964 mox

50 1007 127 1050 pro
148 1001 174 1050 ξ
189 995 246 1048 (=
259 995 386 1050 quae)
409 994 627 1036 leuissima
650 994 889 1036 mutatione
905 1009 938 1049 p
959 994 1072 1049 quod
1095 999 1159 1034 est
1178 1005 1270 1034 PER
1293 992 1484 1034 rescribe.
1535 1007 1586 1033 ex

49 1061 285 1118 yubemant
303 1062 530 1118 yubernent
555 1062 753 1118 yubernet
775 1062 1031 1104 eliciendum
1052 1062 1316 1118 mihera-iss.
1377 1068 1588 1115 postremo

51 1130 98 1172 in
129 1145 168 1173 u.
199 1132 296 1181 892,
325 1145 420 1172 cum
451 1138 592 1186 neque
619 1131 902 1187 grammatica
931 1130 1039 1172 ratio
1071 1145 1149 1172 nec
1180 1130 1420 1171 sententiae
1453 1144 1589 1171 nexus

51 1213 131 1241 nec
172 1198 216 1241 id
257 1199 371 1255 quod
413 1200 557 1241 uersui
599 1202 681 1242 891
725 1200 982 1255 respondeat
1018 1214 1197 1255 usquam
1231 1204 1449 1254 appareat,
1485 1199 1589 1239 haec

53 1268 200 1310 omnia
219 1268 279 1310 sic
301 1269 438 1310 suffici
460 1275 688 1324 poterunt;
724 1284 800 1325 pro
829 1273 838 1290 ¹
856 1269 1198 1325 sanguineasque
1228 1269 1394 1310 3111111113
1422 1268 1563 1309 31111110
1579 1268 1587 1282 ’

53 1337 266 1380 scribatur
296 1338 677 1395 ‘sa-nguineanue
708 1339 889 1380 3111111311
922 1350 1026 1380 ESSE
1057 1338 1268 1380 animm?
1333 1338 1455 1379 ‘esse'
1492 1352 1589 1378 cum

54 1406 292 1448 ‘animam'
321 1407 367 1449 in
396 1423 532 1449 unum
561 1409 792 1450 conflatum
824 1408 999 1450 initium
1028 1408 1130 1449 fecit
1161 1407 1435 1462 corruptelae.
1497 1412 1590 1447 tum

53 1481 62 1497 ‘
81 1477 449 1532 sanguineamque
491 1477 681 1519 animas'
713 1493 797 1518 non
829 1478 975 1532 potuit
1006 1477 1109 1532 quin
1141 1476 1185 1517 in
1226 1476 1591 1530 ‘sanguineasque

55 1545 245 1587 animas’
274 1546 438 1588 abiret:
469 1555 665 1588 secutum
694 1551 702 1567 ‘
720 1546 887 1588 animo'
919 1547 1029 1602 quod
1059 1553 1102 1588 et
1131 1546 1270 1601 ipsum
1299 1560 1375 1600 pro
1397 1545 1591 1586 ‘animu'

57 1614 184 1656 facile
205 1615 352 1656 inferri
373 1621 553 1671 poterat.

146 1684 288 1726 locum
310 1685 369 1726 sic
391 1684 678 1726 dimittimus:

231 1790 286 1816 an
319 1775 502 1817 dubium
534 1781 599 1817 est
630 1775 826 1816 habitare
858 1775 985 1816 deum
1017 1774 1097 1816 sub
1129 1781 1298 1829 pectore
1330 1780 1475 1815 nostro

233 1843 277 1884 in
309 1843 562 1899 caelumque
593 1843 730 1885 redire
762 1843 928 1884 animas
959 1843 1160 1898 caeloque
1192 1842 1352 1891 uenire,

59 1949 187 1982 mutati
227 1949 334 1981 incidi
377 1949 414 1980 in
457 1950 680 1989 mentionem,
726 1960 797 1981 non

59 2004 293 2045 praeterierim
334 2014 406 2036 rem
444 2003 610 2035 memoria
647 2003 798 2044 quadam

62 2059 214 2100 dignam,
241 2060 418 2092 Romanos
448 2059 580 2099 aliquot
610 2063 730 2100 poetas
761 2059 798 2091 in

61 2115 349 2156 philosophorum
365 2115 635 2156 quaestionibus,
650 2125 798 2156 praeser-

62 2169 128 2202 tim
142 2169 376 2210 physicorum,
393 2169 594 2201 enarrandis
610 2169 799 2202 indicatiuo

62 2234 125 2265 pro
157 2224 378 2256 subiunctiuo
413 2224 454 2256 de
486 2223 657 2256 industria
692 2225 799 2257 abuti.

33 2294 36 2299 ,
63 2279 193 2310 multos
223 2278 350 2311 abhinc
380 2288 493 2310 annos
525 2278 679 2319 Properti
706 2280 736 2311 3.
768 2280 799 2310 5.

63 2334 192 2366 25—44
221 2343 301 2366 cum
329 2334 462 2365 Aetnae
496 2333 572 2365 loco
605 2333 800 2374 (219-247,

63 2389 106 2422 cf.
141 2388 248 2420 etiam
285 2389 471 2431 276—282)
506 2388 551 2420 ad
584 2388 649 2420 hoc
686 2388 801 2428 ipsum

64 2443 277 2476 contulimus
316 2443 438 2487 (Select
474 2445 609 2484 Eleyies
647 2445 685 2484 os
721 2444 802 2475 Pro-

60 2500 204 2540 pertius,
222 2499 464 2536 Introduction,
482 2508 515 2539 p.
533 2498 622 2530 cxlvi
638 2498 701 2540 n.).
745 2497 804 2529 sed

65 2554 158 2586 idem
179 2554 286 2586 etiam
310 2553 371 2586 alii
394 2553 501 2586 secuti
525 2556 606 2585 sunt
630 2553 756 2584 Tibull.
773 2553 804 2583 2.

66 2609 99 2640 4.
117 2609 157 2642 17
173 2617 236 2648 sq„
257 2609 338 2639 ‘nec
359 2607 468 2639 refero
493 2607 651 2647 Solisque
675 2607 751 2639 uias
771 2610 805 2638 et

67 2663 181 2703 qualis
219 2662 279 2694 ubi
316 2662 432 2694 orbem
453 2662 457 2705 Ι
478 2662 664 2703 compleuit
699 2662 807 2693 uersis

67 2719 169 2751 Luna
195 2719 340 2750 recurrit
369 2718 489 2757 equis‚’
514 2718 640 2757 Paneq.
668 2718 802 2748 Messal.

71 2774 112 2805 18
123 2782 196 2813 sqq.
209 2776 217 2791 ‘
227 2772 312 2805 alter
322 2772 414 2804 dicat
425 2782 509 2813 opus
522 2771 640 2811 magni
652 2770 808 2802 mirabile

70 2827 204 2865 mundi,
225 2829 230 2869 Ι
251 2827 364 2868 qualis
387 2827 424 2858 in
447 2827 617 2858 immenso
648 2826 810 2857 desederit

71 2892 149 2915 aere
160 2882 275 2922 tellus,
290 2882 295 2924 1
311 2881 423 2922 qualis
434 2884 468 2913 et
479 2881 517 2912 in
527 2890 671 2913 curuum
681 2881 811 2920 pontus

73 2937 270 2978 confluxerit
283 2936 400 2968 orbem
418 2936 422 2978 1
440 2939 474 2967 et
485 2945 593 2975 uagus
604 2944 621 2966 e
633 2934 731 2966 terris
741 2942 809 2973 qua

867 1960 1003 1990 surgere
1010 1952 1134 1982 nititur
1143 1949 1331 1991 (Baehrens
1341 1949 1429 1980 male
1438 1951 1495 1990 qui
1499 1951 1568 1981 ueri
1573 1950 1596 1991 t)

866 2015 935 2042 aer,
951 2005 954 2047 Ι
969 2004 1052 2036 111110
1067 2007 1106 2035 ut
1119 2007 1317 2044 praetextus
1331 2004 1392 2043 (sic
1405 2003 1596 2045 legendum)

866 2059 997 2101 passim
1005 2059 1090 2090 fluat
1101 2059 1219 2099 igneus
1230 2059 1346 2090 aether
1354 2059 1359 2099 Ι
1368 2058 1599 2099 pendentique

867 2125 969 2155 super
980 2113 1182 2146 claudantur
1194 2117 1233 2144 ut
1245 2113 1362 2144 omnia
1375 2113 1490 2150 caelo‚’
1504 2113 1594 2145 Pers.

868 2170 899 2200 3.
925 2169 1052 2202 66—72
1075 2173 1082 2186 ‘
1095 2168 1214 2200 discite
1236 2168 1269 2199 io
1288 2167 1404 2199 miseri
1425 2171 1459 2199 et
1479 2177 1599 2199 causas

867 2223 1061 2263 cognoscite
1076 2233 1190 2254 rerum
1212 2222 1215 2264 Ι
1237 2221 1317 2262 quid
1330 2232 1438 2253 sumus
1456 2224 1489 2253 et
1504 2221 1600 2262 quid-

869 2287 951 2309 nam
984 2277 1109 2309 uicturi
1132 2277 1302 2317 gignimur
1313 2275 1455 2315 ?...quid
1481 2276 1599 2317 asper!

871 2333 954 2365 utile
970 2343 1132 2364 nummus
1149 2332 1276 2364 habet?
1302 2331 1431 2372 patriae
1447 2332 1602 2371 carisque

869 2387 1071 2428 propinquis
1092 2387 1096 2429 Ι
1117 2390 1284 2427 quantum
1307 2387 1443 2426 elargiri
1464 2386 1603 2418 deceat?

872 2452 974 2482 quem
990 2445 1023 2474 te
1039 2441 1123 2473 deus
1138 2451 1211 2473 esse
1229 2442 1234 2482 1
1255 2441 1379 2473 iussit)
1415 2444 1603 2472 ceterorum

873 2495 1019 2536 uestigia
1070 2495 1194 2536 premit
1242 2495 1346 2527 etiam
1393 2495 1604 2527 Claudianus

873 2561 974 2583 curm.
986 2552 1062 2581 min.
1078 2551 1118 2582 29
1131 2549 1184 2589 (de
1196 2550 1365 2592 Magnete)
1377 2551 1393 2580 1
1403 2560 1476 2590 sqq.
1490 2554 1497 2567 ‘
1507 2549 1604 2589 Quis-

875 2605 953 2645 quis
965 2604 1112 2636 sollicita
1123 2604 1291 2635 mundum
1304 2604 1436 2636 ratione
1450 2606 1586 2635 secutus
1599 2606 1603 2638 Ι

876 2661 1009 2692 semina
1035 2661 1181 2692 rimatur
1206 2670 1331 2697 rerum,
1359 2670 1425 2699 quo
1452 2660 1535 2691 luna
1559 2659 1604 2690 la-

875 2715 973 2746 borat
993 2715 997 2756 Ι
1018 2714 1161 2751 defectu,
1186 2723 1273 2753 quae
1295 2723 1398 2744 causa
1422 2713 1511 2744 iubet
1535 2713 1606 2753 pal-

876 2769 999 2800 lescere
1032 2768 1148 2805 solem,
1170 2769 1174 2809 Ι
1199 2767 1327 2800 ...unde
1359 2767 1465 2798 fluant
1500 2766 1607 2804 uenti,

876 2822 1028 2863 trepidae
1040 2822 1116 2861 quis
1132 2821 1263 2853 uiscera
1278 2823 1387 2852 terrae
1407 2822 1411 2863 Ι
1433 2820 1607 2852 concutiat

876 2878 991 2907 motus
1004 2875 1011 2889 '
1026 2880 1057 2907 et
1073 2886 1104 2916 q.
1123 2885 1149 2906 8.

1401 2999 1504 3036 2—2
