1966 3329
272 209 294 245 5
301 208 322 244 4
771 208 829 246 sl
831 210 861 245 L
873 207 902 247 V
902 211 931 246 A
977 208 1023 247 M
1025 211 1053 246 A
1060 207 1124 246 Ν]
1129 211 1161 247 L
1169 209 1190 246 Ι
1191 211 1220 247 Λ
1229 209 1272 247 Ν
1272 211 1303 246 A
1312 241 1318 248 .

360 339 388 367 V
423 330 502 369 501
537 345 594 384 sq.

416 415 458 450 et
491 409 592 464 quia
622 424 706 451 non
738 415 897 451 tractat
929 409 1115 450 uolucris
1145 408 1220 450 sed
1251 409 1445 465 suggerit
1476 424 1593 450 arma

418 477 716 533 immissosque
746 477 878 518 refert
909 476 1041 532 ignes

359 564 489 604 inimo
522 564 778 618 Emi-§sosque
809 562 951 618 refert,
986 577 1038 603 ne
1069 576 1190 603 Suam
1222 577 1348 604 auem
1381 563 1580 618 Iuppiter
1611 569 1742 619 petat.

360 662 390 692 V
422 651 503 692 527
538 665 625 705 sqq.

417 725 489 766 ille
521 725 650 766 etiam
684 723 824 765 fuluas
855 723 1012 765 auidus
1042 724 1289 766 numerabit
1321 725 1500 766 harenas

418 794 733 850 perfundetque
765 808 876 835 nouo
908 794 1119 835 stillantia
1150 794 1276 836 litora
1306 801 1439 850 ponto

419 878 637 919 paruaque
668 863 873 904 ramentis
906 863 1034 905 faciet
1068 870 1287 906 momenta
1318 865 1509 906 minutis.

418 932 599 989 protulit
630 939 680 974 ut
709 933 873 987 legeret
903 947 1055 974 census
1086 933 1329 988 spumantis
1360 934 1405 974 in
1436 949 1589 975 aurum
1735 934 1819 974 530

419 1010 464 1044 et
494 1002 764 1058 perlucentes
795 1008 971 1057 cuperet
1002 1017 1203 1058 prensare
1235 1003 1402 1058 lapillos

420 1071 655 1112 uerticibus
687 1070 839 1112 mediis
870 1071 1014 1112 oculos
1044 1071 1257 1113 immittet
1289 1087 1449 1113 auaros.

362 1172 511 1198 uersus
547 1159 643 1205 530,
675 1171 803 1212 quern
842 1171 928 1197 una
964 1171 1059 1198 cum
1098 1172 1138 1198 u.
1176 1160 1256 1199 531
1296 1157 1520 1199 Bentleius
1560 1172 1637 1213 pro
1677 1156 1822 1212 spurio

275 1225 511 1276 damnauit,
537 1226 765 1267 Manilium
788 1232 904 1267 totus
926 1226 1050 1281 sapit.
1111 1232 1119 1246 ‘
1134 1241 1286 1268 census
1308 1227 1550 1283 spumantis
1578 1227 1620 1267 in
1644 1224 1821 1268 aurum'

275 1294 359 1335 nisi
384 1294 587 1335 Manilius
609 1294 699 1348 ipse
721 1293 901 1348 scripsit,
923 1309 1008 1349 quo
1030 1295 1207 1336 tandem
1230 1295 1387 1337 indicio
1409 1295 1598 1350 genuina
1619 1310 1644 1336 a
1664 1293 1823 1349 spuriis

276 1356 321 1404 in
343 1363 423 1404 hoc
444 1369 617 1404 auctore
643 1362 923 1404 discernenda
945 1368 1047 1404 sunt
1065 1366 1078 1404 2
1134 1363 1177 1404 in
1200 1378 1239 1405 u.
1263 1366 1344 1405 531
1369 1365 1540 1419 capiens
1561 1379 1636 1419 pro
1658 1368 1825 1419 cuperet

274 1431 466 1487 reposuit
498 1431 734 1486 Pingraeus
772 1437 924 1487 estque
966 1432 1092 1473 unice
1134 1447 1298 1474 uerum.
1379 1448 1480 1474 nam
1523 1433 1631 1475 illud
1673 1433 1825 1488 leyeret

275 1506 526 1556 corruptum
558 1501 643 1541 iam
678 1501 821 1556 ipsum
859 1501 1114 1555 contagione
1145 1502 1330 1557 quadam
1364 1503 1497 1544 etiam
1534 1503 1703 1559 cupiens
1736 1518 1824 1544 cor-

275 1571 439 1626 rupisse
472 1576 809 1611 consentaneum
838 1576 914 1612 est.
977 1571 1021 1611 in
1051 1571 1165 1612 idem
1200 1571 1354 1613 incidit
1377 1572 1570 1623 Iacobus,
1597 1572 1643 1613 in
1671 1572 1825 1614 ceteris

277 1640 454 1681 minime
491 1640 593 1681 felix
630 1655 726 1680 cun]
760 1655 899 1695 neque
931 1640 1148 1696 Phorcyos
1183 1656 1324 1696 neque
1356 1648 1523 1696 reyerat
1558 1643 1609 1683 ad
1641 1642 1826 1684 auriflua

276 1710 456 1750 flumina
472 1710 703 1764 quicquam
725 1710 983 1764 pertineant.
1030 1717 1158 1765 poeta
1179 1711 1223 1751 in
1245 1711 1337 1752 auri
1360 1720 1613 1766 argumento
1635 1712 1824 1753 ornando

276 1779 464 1835 primum
497 1779 549 1819 de
582 1779 824 1820 effodiendo
856 1781 960 1830 (524
992 1781 1115 1835 sqq),
1150 1795 1248 1821 mox
1280 1780 1333 1821 de
1366 1781 1550 1822 lauando
1582 1781 1684 1835 (527
1715 1783 1826 1837 sqq.)

277 1849 330 1890 de
352 1863 435 1903 quo
458 1847 606 1888 multis
635 1849 726 1903 egit
748 1848 914 1889 Plinius
936 1847 992 1889 N.
1012 1848 1067 1889 H.
1092 1850 1158 1890 33.
1183 1850 1237 1891 74
1260 1864 1360 1904 sqq,
1383 1849 1539 1891 deinde
1561 1850 1614 1891 de
1643 1850 1826 1906 legendo

278 1918 399 1960 dixit.
459 1917 654 1972 quocirca
685 1917 859 1959 Pactoli
890 1917 1024 1972 (quod
1056 1923 1100 1958 et
1136 1917 1226 1972 ipse
1259 1918 1543 1972 conieceram)
1574 1933 1599 1959 a
1630 1918 1825 1960 Breitero

278 1995 463 2041 accepto,
485 1992 627 2027 cetera
648 1986 707 2027 sic
729 1986 937 2041 corrigere
959 1986 1080 2027 facile
1104 1986 1197 2036 erit,

447 2071 612 2113 Pactoli
643 2082 747 2112 ILLE
779 2082 924 2113 LEGET
957 2086 1108 2113 census
1139 2071 1382 2126 spumantis
1414 2072 1458 2112 in
1490 2087 1653 2114 aurum.

367 2157 653 2212 corruptelam
694 2156 753 2198 sic
795 2157 972 2212 explico.
1047 2156 1181 2198 uerba
1211 2156 1322 2197 male
1355 2156 1495 2198 diuisa
1526 2163 1570 2198 et
1599 2157 1646 2198 in
1681 2172 1757 2213 pro
1792 2157 1827 2199 il

279 2226 498 2281 scripturn,
520 2227 643 2267 uelut
672 2227 717 2267 in
751 2238 800 2267 IV
831 2229 910 2268 611
941 2226 1225 2281 ‘Inlyricum'
1252 2241 1326 2281 pro
1358 2226 1626 2281 ‘Illyricum'
1649 2226 1826 2268 exhibet

283 2295 558 2337 Matritensis.
620 2310 718 2336 mox
737 2301 782 2337 ut
795 2310 870 2350 pro
887 2295 933 2337 in
950 2295 1121 2350 irrepsit
1143 2301 1187 2336 et
1210 2310 1233 2336 ν
1253 2309 1328 2350 pro
1351 2295 1365 2336 l
1381 2309 1389 2345 3
1420 2295 1695 2336 conferantur
1716 2309 1826 2350 quae

279 2363 325 2404 in
347 2363 486 2419 capite
510 2374 563 2404 ΙΙΙ
585 2363 700 2405 dicta
721 2368 860 2405 erunt.

370 2461 400 2490 v
433 2449 527 2492 567.

513 2539 617 2565 aura
646 2539 722 2579 per
754 2532 968 2566 extremas
998 2524 1216 2565 resonauit
1248 2523 1391 2565 flebile
1422 2538 1561 2579 rupes.

369 2611 582 2653 resonczuit
622 2611 873 2667 Augusteae
914 2611 1070 2652 aetatis
1111 2617 1330 2652 auctorem
1380 2611 1596 2666 scripsisse
1644 2611 1720 2652 uix
1762 2618 1829 2654 est

283 2680 495 2722 credibile.
557 2695 657 2720 nam
689 2681 804 2734 quod
836 2681 1018 2721 Horatio
1049 2680 1183 2722 Sei-m.
1217 2692 1233 2721 Ι
1267 2683 1302 2721 8.
1338 2683 1404 2729 41,
1437 2679 1720 2723 ‘resonarint'
1753 2681 1828 2723 ad-

283 2750 494 2800 scribitur,
516 2750 777 2805 optimorum
799 2751 1005 2792 librorum
1031 2751 1115 2791 fide
1143 2766 1227 2792 non
1249 2751 1434 2791 nititurl.
1496 2766 1525 2792 u
1546 2756 1591 2791 et
1612 2750 1634 2792 b
1656 2750 1827 2793 litterae

350 2847 361 2866 ¹
385 2857 471 2886 quae
487 2846 555 2878 alia
571 2847 741 2887 congessit
759 2846 889 2879 Neuius
906 2848 1149 2887 (Fortizenlehre
1166 2848 1224 2878 cler
1240 2848 1318 2878 Lat.
1335 2847 1490 2887 Spe-«che,
1509 2846 1560 2877 ed.
1578 2845 1756 2886 Wagener,
1773 2857 1826 2879 111.

285 2913 317 2943 p.
336 2904 412 2941 3715)
431 2901 597 2942 sequioris
614 2902 732 2934 omnia
749 2901 874 2934 aetatis
891 2904 984 2934 sunt.
