1981 3334
613 221 702 260 SIL
718 222 775 260 Vll
822 223 1162 263 MANILIAA'A.
1609 235 1653 270 27

122 341 227 384 dum
257 342 520 385 ‘momenta'
542 343 685 399 (quasi
713 343 801 385 sint
827 345 1007 399 Anglice
1030 347 1308 399 ‘mome11ts’)
1336 349 1443 389 male
1471 351 1658 404 capiunt.

122 410 197 453 sed
219 411 343 468 longe
366 412 482 454 aliud
506 412 646 454 uoluit
667 419 795 468 poeta
815 413 883 454 cui
906 429 983 454 sua
1009 414 1241 456 reddideris
1272 415 1306 456 si
1335 417 1439 457 duce
1464 419 1658 460 Bentlcio

123 479 183 522 sic
205 495 372 523 mecum
396 481 635 537 scripseris:

297 572 376 614 hac
407 572 450 614 in
484 578 605 628 parte
627 572 740 628 fides
771 584 886 629 Aque
918 574 994 616 11(ιο
1027 581 1247 616 momenta
1278 575 1508 619 dabuntur.

212 673 266 704 111
298 664 383 704 323
417 678 507 718 sqq.

298 749 344 784 at
374 743 503 784 simul
535 758 586 785 ex
619 744 693 785 illa
726 751 934 787 terrarum
967 752 1088 800 parte
1121 746 1302 795 recedas,

297 812 501 867 quicquid
533 812 586 854 ad
618 819 832 855 extremos
863 820 998 855 temet
1030 815 1313 869 praeuertoris
1343 831 1442 857 axes

298 894 375 935 per
404 894 596 922 conuexa
625 882 782 935 gradus
812 897 1003 939 gressum
1038 883 1210 939 fastigia
1240 890 1391 934 terrae,

298 963 429 1004 quam
462 951 590 992 tereti
622 956 779 992 natura
810 952 896 993 3010
928 952 1164 995 decircinat
1197 954 1342 995 orbem

299 1017 345 1059 in
377 1019 594 1061 tumidum
627 1026 664 1062 et
695 1035 729 1076 q.
752 1035 781 1063 s.

211 1115 331 1152 temet
354 1110 646 1166 praezcerteris
676 1110 874 1152 Bentleio
906 1111 1192 1167 displicebant
1223 1128 1361 1168 neque
1393 1114 1561 1165 iniuria,
1589 1116 1664 1171 qui

124 1183 272 1220 tamen
304 1193 430 1222 suum
463 1179 746 1222 ‘deuerteris'
782 1179 946 1221 nemini
982 1180 1122 1221 adhuc
1158 1181 1368 1236 probauit.
1448 1190 1514 1224 est
1549 1183 1663 1225 enim

124 1248 384 1304 exquisitius
418 1249 710 1305 praeuerteris
741 1264 868 1305 quam
907 1249 1020 1304 quod
1057 1263 1082 1290 a
1114 1249 1295 1291 librariis
1326 1252 1562 1305 profectum
1596 1252 1663 1294 sit.

125 1323 328 1360 manente
352 1318 441 1368 hoc,
463 1324 584 1361 temet
604 1333 689 1360 non
717 1319 878 1374 poterit
906 1333 1090 1359 manere.
1152 1319 1357 1374 scriptum
1381 1321 1521 1362 suerat
1543 1319 1664 1370 timet,

125 1386 164 1428 h.
195 1401 228 1428 e.
257 1387 426 1437 tibimet,
451 1387 567 1443 quod
595 1387 639 1428 in
661 1393 781 1430 temet
809 1393 1029 1428 mutatum
1061 1394 1126 1428 est
1157 1388 1305 1430 eodem
1339 1404 1508 1444 prorsus
1540 1390 1665 1431 modo

125 1462 256 1512 atque
277 1457 323 1499 in
345 1469 375 1499 V
398 1460 478 1499 251
504 1464 531 1500 t2
552 1458 651 1512 (hoc
672 1473 698 1499 a
719 1458 917 1499 Bentleio
939 1463 1197 1512 occupatum
1216 1464 1259 1499 et
1277 1459 1366 1514 ipse
1384 1460 1665 1512 conieceram)

126 1525 170 1566 in
194 1531 256 1568 ter
275 1525 341 1580 (t')
362 1526 500 1569 abiit¹.
568 1527 786 1568 sententia
806 1532 871 1568 est
894 1525 999 1568 ὅσον
1022 1524 1075 1568 ἂν
1097 1529 1172 1579 τῆς
1196 1525 1295 1568 ὁδοῦ
1321 1526 1561 1583 προλάβῃς
1590 1527 1664 1569 ἐπὶ

126 1592 182 1636 τὰ
204 1597 281 1637 τοῦ
303 1593 448 1638 πόλου
471 1594 645 1652 ἔσχατα
667 1595 969 1651 πορευόμενος.

214 1678 313 1705 mox
348 1663 394 1705 in
426 1665 509 1706 325
547 1663 772 1705 Bentleius
808 1663 1005 1705 ‘trahens
1038 1664 1255 1718 gressum'
1286 1664 1519 1719 reponebat
1550 1664 1663 1720 quod

125 1732 363 1774 audacioris
404 1739 481 1774 est.
541 1748 639 1774 cum
677 1747 867 1788 yresszcm
908 1748 933 1773 a
964 1732 1128 1787 yradzcs
1164 1739 1407 1788 corruptum
1446 1748 1536 1774 esse
1573 1733 1664 1774 ueri

125 1799 308 1842 similius
339 1800 408 1851 sit,
435 1801 735 1857 corrigendum
767 1801 928 1842 eisdem
955 1803 1042 1842 fere
1070 1801 1224 1842 litteris
1253 1813 1440 1842 (ammas
1471 1813 1664 1843 VRGENS.

126 1868 215 1923 [1110
246 1869 428 1911 Iacobus
459 1885 630 1926 quoque
663 1869 817 1911 melius
849 1870 938 1925 egit
970 1869 1169 1911 Bentleio
1198 1885 1273 1925 pro
1301 1869 1492 1926 ‘gradus'
1520 1885 1665 1925 reyens

126 1938 342 1994 reposito]

214 2042 270 2072 111
301 2030 385 2074 373
408 2046 497 2087 sqq.

302 2126 378 2167 per
408 2110 590 2152 totidem
623 2125 790 2152 menses
821 2109 973 2165 iunget
1006 2125 1087 2152 nox
1122 2125 1206 2151 una
1237 2110 1434 2152 tenebras

302 2180 464 2222 uertice
495 2179 575 2221 sub
606 2179 722 2221 caeli.
783 2194 881 2220 nam
915 2179 1108 2234 quisquis
1140 2186 1306 2234 spectat
1337 2179 1391 2220 ab
1423 2179 1537 2220 omni

301 2247 529 2291 dimidium
564 2252 607 2289 e2
638 2254 729 2289 toto
761 2247 971 2289 mundum
1004 2248 1126 2289 uidet
1157 2247 1257 2289 orbe
1289 2248 1474 2289 rotundo

302 2331 399 2373 pars
430 2317 539 2358 latet
570 2315 760 2368 inferior3
791 2330 931 2371 neque
963 2315 1078 2357 enim
1110 2315 1392 2357 circumuenit
1414 2316 1536 2357 illum

303 2391 420 2428 recta
450 2386 562 2427 acies
592 2385 819 2441 mediaque
851 2391 978 2427 tenus
1009 2385 1291 2442 distinguitur
1320 2385 1430 2427 aluo.

217 2483 268 2520 ut
297 2478 400 2520 olim
432 2478 663 2521 emendata
691 2484 968 2534 praeteream,
997 2478 1040 2519 in
1070 2477 1183 2520 omm'
1212 2477 1399 2533 primum
1429 2477 1663 2518 haeremus.

128 2547 182 2589 de
210 2547 289 2589 1100
317 2547 499 2589 Iacobus
527 2552 536 2567 ‘
551 2547 602 2590 ab
629 2547 744 2590 omni
770 2547 833 2589 1.0.
855 2562 881 2588 a
901 2561 1156 2602 quocunque
1178 2546 1267 2587 1000
1284 2545 1318 2596 ’;
1349 2545 1422 2586 sed
1445 2559 1569 2586 nemo
1591 2545 1665 2600 qui

129 2616 306 2672 quidem
341 2616 495 2658 Latine
529 2617 746 2672 scripserit
787 2615 948 2658 ‘omni'
991 2630 1065 2670 pro
1106 2615 1419 2670 ‘quocumque'
1460 2614 1667 2662 abutitur,

173 2745 184 2765 ¹
208 2745 251 2777 de
285 2744 456 2777 similibus
491 2744 704 2785 compendiis
737 2754 758 2776 a
788 2744 866 2776 Pro·
937 2745 1024 2775 tiens
1057 2743 1096 2782 os
1130 2744 1183 2774 tlte
1216 2743 1411 2781 Cambridye
1442 2742 1666 2781 Philoloyical

128 2799 216 2840 perti
245 2798 396 2832 librariis
426 2799 580 2830 confusis
603 2798 682 2830 uide
710 2797 758 2829 sis
781 2807 867 2837 quae
936 2800 1081 2840 Society‚
1100 2800 1181 2830 tom.
1203 2807 1247 2837 ιν,
1267 2807 1297 2838 p.
1319 2797 1384 2839 23).

128 2853 280 2886 diximus
304 2853 340 2885 in
361 2853 478 2886 libello
502 2855 632 2891 nostro,
657 2853 710 2884 On
735 2852 865 2884 certain
977 2852 991 2871 ‘²
1014 2856 1045 2882 et
1061 2851 1157 2883 codd.
1177 2861 1262 2882 corr.
1280 2851 1392 2882 Bentl.

131 2909 362 2951 Manuscripts
392 2909 430 2940 of
458 2908 655 2950 Propertius
688 2907 864 2949 (Transac-
