1966 3329
263 216 310 254 16
762 215 821 253 SI
821 216 851 252 L
864 215 924 253 VA
967 215 1018 251 M
1015 214 1044 251 A
1053 214 1119 251 Nl
1123 214 1186 251 LI
1183 213 1211 250 A
1218 214 1261 250 N
1262 214 1287 249 A
1296 244 1303 250 .

263 352 501 379 —munera
514 337 620 380 caeli
636 337 644 352 ’
659 337 845 393 pendere
863 336 982 378 dixit.
1045 350 1143 377 narn
1168 340 1217 376 ut
1239 340 1405 376 taceam
1422 333 1476 375 de
1498 339 1506 354 ‘
1524 332 1805 389 perspicimus

263 407 541 448 descendere'
573 412 623 448 ut
660 405 774 448 idem
809 406 864 447 sit
897 421 946 447 ac
975 411 983 426 ‘
1003 405 1322 447 descensionem
1342 403 1350 418 '
1381 403 1531 445 durius
1564 403 1688 452 dicto,
1721 417 1806 444 non

265 476 406 531 ipsum
430 476 536 517 illud
562 475 867 517 ‘descendere'
892 475 998 517 caeli
1032 490 1191 516 munus
1217 479 1344 515 uocat
1372 480 1512 529 poeta,
1534 473 1605 514 sed
1636 472 1807 514 descen—

267 545 405 587 dendo
433 561 507 587 nos
536 546 640 587 caeli
667 560 845 586 munere
867 545 932 586 uti
956 544 1088 586 iubet.
1155 549 1269 585 recte
1293 549 1439 584 tamen
1462 542 1678 596 Scaligero
1699 541 1807 583 duce

264 621 424 670 qucwzta
464 615 579 656 idem
622 620 753 670 atque
796 614 1052 670 ‘quantula'
1095 613 1228 669 (quod
1276 613 1458 654 coniecit
1506 611 1807 667 Rossbergius)

266 684 505 738 significare
534 683 649 725 dicit.
709 698 786 738 pro
815 689 852 726 et
873 683 945 724 1110
968 697 1013 725 ea
1038 682 1219 738 reponit,
1242 682 1365 723 nobis
1386 696 1487 723 uero
1509 681 1646 737 magis
1667 681 1809 736 placet

266 764 337 795 EN.
395 752 499 807 quid
532 753 705 794 multa?
765 752 809 793 in
832 752 899 793 his
928 752 1134 801 uersibus,
1158 751 1270 807 quod
1302 751 1492 807 Scaliger
1523 750 1646 800 uidit,
1675 750 1807 792 habes

263 821 457 862 membra
485 821 626 876 capite
656 821 848 862 carentia
876 821 1009 876 (quod
1033 820 1165 861 etiam
1188 820 1295 861 illud
1318 820 1464 875 ‘inque
1481 819 1490 834 ²
1511 832 1804 875 praegressum

264 904 354 931 esse
396 889 558 945 aliquid
602 889 740 930 simile
782 890 850 930 cui
887 889 1113 930 cohaereat
1151 888 1457 942 uociferatur);
1507 888 1641 929 habes
1677 892 1808 942 caput

263 958 500 1014 proiectum
535 964 579 999 et
620 959 697 999 uili
740 973 933 1013 pensum.
1009 959 1112 1014 quin
1157 957 1387 1013 aliquando
1429 957 1604 998 tandem
1654 962 1806 1012 poetae

264 1033 432 1069 mortuo
454 1027 596 1068 reddis
613 1027 770 1077 debita,
788 1027 1084 1083 coniungendo
1102 1026 1280 1076 diuolsa,
1296 1027 1473 1068 uolnera
1489 1026 1806 1081 componendo?

265 1097 309 1138 id
331 1103 381 1138 ut
402 1097 489 1146 fiat,
513 1112 682 1138 mecum
705 1097 837 1138 uelim
858 1111 935 1152 pro
964 1097 1096 1139 noctis
1125 1110 1304 1151 reponas
1332 1096 1378 1137 in
1405 1106 1560 1137 ASTRIS
1589 1101 1633 1137 et
1657 1109 1808 1136 uersus

263 1167 323 1208 sic
345 1167 389 1207 in
412 1166 604 1208 ordinem
627 1166 828 1207 reducas:

379 1251 484 1307 quid
515 1251 638 1292 iuuat
669 1251 715 1292 in
746 1258 883 1293 semet
914 1266 993 1292 sua
1025 1266 1100 1306 per
1131 1250 1324 1292 conuicia
1355 1251 1454 1292 ferri
1721 1250 1805 1293 873

382 1326 427 1362 et
459 1320 657 1362 fraudare
689 1320 811 1361 bonis
842 1334 953 1375 quae
984 1334 1062 1361 nec
1094 1319 1198 1360 deus
1230 1319 1400 1360 inuidet
1430 1319 1556 1374 ipse?

354 1403 573 1444 ·quosque
606 1388 727 1430 dedit
759 1388 931 1430 Natura
962 1389 1105 1429 oculos
1136 1388 1346 1443 deponere
1378 1388 1567 1429 mentis?

381 1458 664 1514 perspicimus
696 1458 886 1508 caelum3
924 1473 999 1499 cur
1030 1474 1115 1499 non
1149 1464 1192 1499 et
1223 1472 1403 1498 munera
1434 1458 1573 1500 caeli?
1723 1460 1805 1501 876

381 1532 546 1582 quanta
576 1537 637 1567 EN
669 1541 765 1581 pars
797 1533 993 1582 superest
1021 1527 1231 1567 rationem
1261 1526 1422 1567 discere
1452 1537 1502 1566 IN
1530 1537 1686 1568 ASTRIS
1723 1529 1808 1568 882

379 1596 509 1651 inque
542 1595 653 1650 ipsos
683 1595 859 1650 penitus
892 1595 1043 1636 mundi
1074 1595 1330 1636 descendere
1362 1609 1513 1636 census
1721 1596 1802 1638 877

383 1665 705 1720 seminibusque
737 1665 825 1706 suis
857 1671 1025 1707 tantam
1059 1679 1308 1720 componere
1341 1665 1498 1706 molem

382 1740 425 1775 et
457 1740 630 1790 partum
663 1735 770 1775 caeli
801 1749 878 1775 sua
908 1749 984 1790 per
1014 1734 1200 1775 nutricia
1230 1734 1338 1775 ferre

383 1809 714 1858 extremumque
746 1804 869 1859 sequi
900 1809 1082 1859 pontum
1116 1809 1340 1858 terraeque
1372 1803 1514 1845 subire

382 1873 612 1930 pendentis
643 1879 807 1915 tractus
840 1880 884 1916 et
914 1880 1006 1915 toto
1038 1874 1188 1915 uiuere
1220 1873 1264 1914 in
1297 1873 1407 1914 orbe.

382 1944 468 1985 iam
500 1958 715 1998 nusquam
748 1944 920 1985 Natura
951 1944 1067 1986 latet.
1130 1943 1398 1998 peruidimus
1429 1958 1600 1985 omnem

383 2019 428 2055 et
459 2019 584 2068 capto
615 2013 808 2069 potimur
838 2012 1011 2063 mundo,
1042 2019 1329 2068 nostrumque
1361 2018 1585 2067 parentem

381 2097 479 2138 pars
511 2097 589 2123 sua
619 2081 903 2137 perspicimus
934 2081 1162 2137 genitique
1193 2081 1435 2123 accedimus
1466 2080 1622 2124 astris¹.
1723 2084 1807 2124 885

355 2189 404 2219 IV
427 2179 510 2219 886
532 2191 621 2232 sqq.

353 2258 440 2300 iam
472 2257 668 2313 sequitur
698 2257 815 2298 locus
848 2256 1174 2298 uexatissimus:

384 2347 439 2373 an
471 2331 652 2373 dubium
684 2337 749 2372 est
780 2331 975 2372 habitare
1008 2331 1135 2372 deum
1168 2331 1249 2372 sub
1279 2337 1450 2386 pectore
1480 2337 1625 2373 nostro

385 2403 430 2442 in
461 2401 713 2456 caelumque
745 2399 904 2442 redire2
935 2401 1100 2442 animas
1131 2401 1334 2455 caeloque
1365 2401 1545 2442 uenire?

384 2476 520 2525 utque
552 2469 609 2510 sit
639 2484 691 2510 ex
723 2470 839 2510 omni
872 2475 1142 2510 constructus
1173 2483 1344 2524 corpore
1376 2469 1564 2510 mundus

385 2538 571 2581 aetheris
602 2543 733 2593 atque
765 2538 879 2594 ignis
911 2538 1071 2579 summi
1102 2544 1329 2593 terraeque
1361 2538 1588 2594 marisque,

384 2607 584 2664 spiritum
617 2612 661 2648 et
692 2613 783 2648 toto
814 2606 962 2662 rapido
992 2621 1102 2662 quae
1132 2606 1249 2647 iussa
1278 2607 1501 2661 gubernat,
1725 2609 1810 2650 890

385 2678 444 2719 sic
475 2691 566 2718 esse
597 2677 642 2717 in
674 2677 797 2718 nobis
828 2683 1024 2718 terrenae
1056 2691 1233 2732 corpora
1263 2676 1389 2718 sortis

385 2745 729 2801 sanguineasque
760 2746 925 2787 animas
957 2746 1100 2787 animo
1132 2746 1207 2801 qui
1239 2752 1396 2787 cuncta
1427 2746 1641 2801 gubernat

387 2815 694 2871 dispensatque
727 2815 972 2857 hominem?

335 2894 347 2914 ¹
371 2896 472 2926 astris
496 2896 529 2926 et
553 2904 631 2926 cum
657 2896 842 2926 accedimus
866 2893 1147 2934 coniungendam
1175 2896 1208 2925 et
1232 2903 1311 2925 cum
1337 2896 1462 2934 qeniti3
1501 2894 1544 2925 cf.
1574 2894 1741 2926 adnotata
1769 2894 1814 2926 ad

271 2959 298 2981 11
322 2950 395 2981 535.
1093 2948 1106 2969 2
1128 2951 1243 2981 uenire
1267 2949 1363 2981 codd.
