<?xml version="1.0" encoding="UTF-8"?>
<!DOCTYPE html PUBLIC "-//W3C//DTD XHTML 1.0 Transitional//EN"
    "http://www.w3.org/TR/xhtml1/DTD/xhtml1-transitional.dtd">
<html xmlns="http://www.w3.org/1999/xhtml" xml:lang="en" lang="en">
 <head>
  <title>
</title>
<meta http-equiv="Content-Type" content="text/html;charset=utf-8" />
  <meta name='ocr-system' content='tesseract 3.04.00' />
  <meta name='ocr-capabilities' content='ocr_page ocr_carea ocr_par ocr_line ocrx_word'/>
</head>
<body>
  <div class='ocr_page' id='page_1' title='image "./silvamaniliana00postuoft_0017.png"; bbox 0 0 1981 3334; ppageno 0'>
   <div class='ocr_carea' id='block_1_1' title="bbox 581 237 1615 276">
    <p class='ocr_par' dir='ltr' id='par_1_1' title="bbox 581 237 1615 276">
     <span class='ocr_line' id='line_1_1' title="bbox 581 237 1615 276; baseline -0.004 -2"><span class='ocrx_word' id='word_1_1' title='bbox 581 237 638 276; x_wconf 80' lang='lat' dir='ltr'>SI</span> <span class='ocrx_word' id='word_1_2' title='bbox 639 237 670 275; x_wconf 88' lang='lat' dir='ltr'><em>L</em></span> <span class='ocrx_word' id='word_1_3' title='bbox 684 237 742 275; x_wconf 80' lang='lat' dir='ltr'>VA</span> <span class='ocrx_word' id='word_1_4' title='bbox 788 237 830 274; x_wconf 66' lang='lat' dir='ltr'>A!</span> <span class='ocrx_word' id='word_1_5' title='bbox 833 238 862 274; x_wconf 84' lang='lat' dir='ltr'><em>A</em></span> <span class='ocrx_word' id='word_1_6' title='bbox 872 237 934 274; x_wconf 84' lang='lat' dir='ltr'>NI</span> <span class='ocrx_word' id='word_1_7' title='bbox 941 237 998 274; x_wconf 87' lang='lat' dir='ltr'>LI</span> <span class='ocrx_word' id='word_1_8' title='bbox 999 238 1027 274; x_wconf 81' lang='lat' dir='ltr'><em>A</em></span> <span class='ocrx_word' id='word_1_9' title='bbox 1037 237 1106 274; x_wconf 73' lang='lat' dir='ltr'>NA</span> <span class='ocrx_word' id='word_1_10' title='bbox 1117 267 1122 273; x_wconf 95' lang='lat'>.</span> <span class='ocrx_word' id='word_1_11' title='bbox 1593 238 1615 270; x_wconf 72' lang='grc' dir='ltr'>Γ»</span> 
     </span>
    </p>
   </div>
   <div class='ocr_carea' id='block_1_2' title="bbox 79 357 1615 550">
    <p class='ocr_par' dir='ltr' id='par_1_2' title="bbox 79 357 1615 550">
     <span class='ocr_line' id='line_1_2' title="bbox 79 357 1615 415; baseline -0.001 -15"><span class='ocrx_word' id='word_1_12' title='bbox 79 358 327 415; x_wconf 80' lang='lat' dir='ltr'>pertineret,</span> <span class='ocrx_word' id='word_1_13' title='bbox 350 358 547 399; x_wconf 86' lang='lat' dir='ltr'>librarius</span> <span class='ocrx_word' id='word_1_14' title='bbox 577 357 717 399; x_wconf 84' lang='lat' dir='ltr'>nescio</span> <span class='ocrx_word' id='word_1_15' title='bbox 743 357 839 411; x_wconf 85' lang='lat' dir='ltr'>quis</span> <span class='ocrx_word' id='word_1_16' title='bbox 868 362 1094 412; x_wconf 82' lang='lat' dir='ltr'>postquam</span> <span class='ocrx_word' id='word_1_17' title='bbox 1125 371 1200 398; x_wconf 84' lang='lat' dir='ltr'>suo</span> <span class='ocrx_word' id='word_1_18' title='bbox 1222 363 1385 399; x_wconf 83' lang='lat' dir='ltr'>motum</span> <span class='ocrx_word' id='word_1_19' title='bbox 1411 358 1497 398; x_wconf 84' lang='lat' dir='ltr'>loco</span> <span class='ocrx_word' id='word_1_20' title='bbox 1527 373 1615 398; x_wconf 68' lang='lat' dir='ltr'>css(-</span> 
     </span>
     <span class='ocr_line' id='line_1_3' title="bbox 80 425 1614 480; baseline -0.001 -12"><span class='ocrx_word' id='word_1_21' title='bbox 80 427 306 475; x_wconf 88' lang='lat' dir='ltr'>intellexit,</span> <span class='ocrx_word' id='word_1_22' title='bbox 349 427 431 468; x_wconf 90' lang='lat' dir='ltr'>huc</span> <span class='ocrx_word' id='word_1_23' title='bbox 474 426 579 467; x_wconf 83' lang='lat' dir='ltr'>falsa</span> <span class='ocrx_word' id='word_1_24' title='bbox 621 425 937 480; x_wconf 74' lang='lat' dir='ltr'>probabilitatis</span> <span class='ocrx_word' id='word_1_25' title='bbox 983 425 1122 479; x_wconf 84' lang='lat' dir='ltr'>specie</span> <span class='ocrx_word' id='word_1_26' title='bbox 1166 426 1371 480; x_wconf 78' lang='lat' dir='ltr'><strong>pellectus</strong></span> <span class='ocrx_word' id='word_1_27' title='bbox 1413 426 1614 467; x_wconf 76' lang='lat' dir='ltr'>traduxit.</span> 
     </span>
     <span class='ocr_line' id='line_1_4' title="bbox 80 495 1444 550; baseline -0.001 -12"><span class='ocrx_word' id='word_1_28' title='bbox 80 511 226 538; x_wconf 87' lang='lat' dir='ltr'>uersus</span> <span class='ocrx_word' id='word_1_29' title='bbox 257 499 348 544; x_wconf 87' lang='grc'><strong>159,</strong></span> <span class='ocrx_word' id='word_1_30' title='bbox 384 499 478 545; x_wconf 87' lang='grc'><strong>167,</strong></span> <span class='ocrx_word' id='word_1_31' title='bbox 510 498 588 537; x_wconf 87' lang='grc'>161</span> <span class='ocrx_word' id='word_1_32' title='bbox 624 495 702 535; x_wconf 89' lang='lat' dir='ltr'>hoc</span> <span class='ocrx_word' id='word_1_33' title='bbox 731 495 878 536; x_wconf 78' lang='lat' dir='ltr'>ordine</span> <span class='ocrx_word' id='word_1_34' title='bbox 909 510 952 536; x_wconf 87' lang='lat' dir='ltr'>sc</span> <span class='ocrx_word' id='word_1_35' title='bbox 979 495 1174 550; x_wconf 79' lang='lat' dir='ltr'>excipere</span> <span class='ocrx_word' id='word_1_36' title='bbox 1203 495 1444 537; x_wconf 85' lang='lat' dir='ltr'>debebunt:</span> 
     </span>
    </p>
   </div>
   <div class='ocr_carea' id='block_1_3' title="bbox 225 579 1616 775">
    <p class='ocr_par' dir='ltr' id='par_1_3' title="bbox 225 579 1616 775">
     <span class='ocr_line' id='line_1_5' title="bbox 225 579 1616 635; baseline -0.001 -13"><span class='ocrx_word' id='word_1_37' title='bbox 225 581 380 623; x_wconf 84' lang='lat' dir='ltr'>ultima</span> <span class='ocrx_word' id='word_1_38' title='bbox 409 579 604 622; x_wconf 81' lang='lat' dir='ltr'>subsedit</span> <span class='ocrx_word' id='word_1_39' title='bbox 634 579 870 634; x_wconf 80' lang='lat' dir='ltr'>glomerato</span> <span class='ocrx_word' id='word_1_40' title='bbox 903 579 1086 635; x_wconf 89' lang='lat' dir='ltr'>pondere</span> <span class='ocrx_word' id='word_1_41' title='bbox 1119 581 1246 621; x_wconf 83' lang='lat' dir='ltr'>tellus</span> <span class='ocrx_word' id='word_1_42' title='bbox 1537 583 1616 620; x_wconf 78' lang='lat'>159</span> 
     </span>
     <span class='ocr_line' id='line_1_6' title="bbox 225 648 1615 705; baseline 0 -15"><span class='ocrx_word' id='word_1_43' title='bbox 225 650 397 705; x_wconf 91' lang='lat' dir='ltr'>imaque</span> <span class='ocrx_word' id='word_1_44' title='bbox 428 649 482 690; x_wconf 91' lang='lat' dir='ltr'>de</span> <span class='ocrx_word' id='word_1_45' title='bbox 513 649 678 690; x_wconf 88' lang='lat' dir='ltr'>cunctis</span> <span class='ocrx_word' id='word_1_46' title='bbox 711 648 897 689; x_wconf 86' lang='lat' dir='ltr'>mediam</span> <span class='ocrx_word' id='word_1_47' title='bbox 931 654 1050 690; x_wconf 87' lang='lat' dir='ltr'>tenet</span> <span class='ocrx_word' id='word_1_48' title='bbox 1085 649 1272 703; x_wconf 86' lang='lat' dir='ltr'>undique</span> <span class='ocrx_word' id='word_1_49' title='bbox 1304 649 1460 697; x_wconf 85' lang='lat' dir='ltr'>sedem,</span> <span class='ocrx_word' id='word_1_50' title='bbox 1538 650 1615 690; x_wconf 82' lang='lat'>167</span> 
     </span>
     <span class='ocr_line' id='line_1_7' title="bbox 225 717 1354 775; baseline -0.001 -15"><span class='ocrx_word' id='word_1_51' title='bbox 225 718 435 775; x_wconf 87' lang='lat' dir='ltr'>paulatim</span> <span class='ocrx_word' id='word_1_52' title='bbox 467 718 521 759; x_wconf 86' lang='lat' dir='ltr'>ad</span> <span class='ocrx_word' id='word_1_53' title='bbox 553 732 769 760; x_wconf 88' lang='lat' dir='ltr'>summum</span> <span class='ocrx_word' id='word_1_54' title='bbox 804 718 926 759; x_wconf 89' lang='lat' dir='ltr'>tenui</span> <span class='ocrx_word' id='word_1_55' title='bbox 959 717 1150 773; x_wconf 81' lang='lat' dir='ltr'>fugiente</span> <span class='ocrx_word' id='word_1_56' title='bbox 1183 718 1354 772; x_wconf 86' lang='lat' dir='ltr'>liquore.</span> 
     </span>
    </p>
   </div>
   <div class='ocr_carea' id='block_1_4' title="bbox 169 823 391 877">
    <p class='ocr_par' dir='ltr' id='par_1_4' title="bbox 169 823 391 877">
     <span class='ocr_line' id='line_1_8' title="bbox 169 823 391 877; baseline 0 -14"><span class='ocrx_word' id='word_1_57' title='bbox 169 833 185 863; x_wconf 93' lang='lat'>1</span> <span class='ocrx_word' id='word_1_58' title='bbox 217 823 301 864; x_wconf 82' lang='lat'>428</span> <span class='ocrx_word' id='word_1_59' title='bbox 332 836 391 877; x_wconf 87' lang='lat' dir='ltr'>sq.</span> 
     </span>
    </p>
   </div>
   <div class='ocr_carea' id='block_1_5' title="bbox 78 903 1623 1294">
    <p class='ocr_par' dir='ltr' id='par_1_5' title="bbox 78 903 1623 1294">
     <span class='ocr_line' id='line_1_9' title="bbox 168 903 1617 949; baseline -0.001 -2"><span class='ocrx_word' id='word_1_60' title='bbox 168 907 244 949; x_wconf 87' lang='lat' dir='ltr'>hos</span> <span class='ocrx_word' id='word_1_61' title='bbox 289 921 438 949; x_wconf 88' lang='lat' dir='ltr'>uersus</span> <span class='ocrx_word' id='word_1_62' title='bbox 475 906 701 948; x_wconf 86' lang='lat' dir='ltr'>Bentleius</span> <span class='ocrx_word' id='word_1_63' title='bbox 738 906 782 946; x_wconf 87' lang='lat' dir='ltr'>in</span> <span class='ocrx_word' id='word_1_64' title='bbox 814 905 930 947; x_wconf 90' lang='lat' dir='ltr'>hunc</span> <span class='ocrx_word' id='word_1_65' title='bbox 963 906 1134 947; x_wconf 88' lang='lat' dir='ltr'>modum</span> <span class='ocrx_word' id='word_1_66' title='bbox 1169 905 1347 947; x_wconf 86' lang='lat' dir='ltr'>notauit.</span> <span class='ocrx_word' id='word_1_67' title='bbox 1410 903 1617 946; x_wconf 87' lang='lat' dir='ltr'>“Nebulo</span> 
     </span>
     <span class='ocr_line' id='line_1_10' title="bbox 82 974 1620 1032; baseline -0.003 -13"><span class='ocrx_word' id='word_1_68' title='bbox 82 976 151 1018; x_wconf 88' lang='lat' dir='ltr'>hic</span> <span class='ocrx_word' id='word_1_69' title='bbox 187 976 380 1032; x_wconf 91' lang='lat' dir='ltr'>quisquis</span> <span class='ocrx_word' id='word_1_70' title='bbox 417 982 521 1025; x_wconf 86' lang='lat' dir='ltr'>erat,</span> <span class='ocrx_word' id='word_1_71' title='bbox 553 981 643 1017; x_wconf 85' lang='lat' dir='ltr'>tam</span> <span class='ocrx_word' id='word_1_72' title='bbox 685 975 950 1016; x_wconf 83' lang='lat' dir='ltr'>commodam</span> <span class='ocrx_word' id='word_1_73' title='bbox 989 975 1250 1016; x_wconf 81' lang='lat' dir='ltr'>occasionem</span> <span class='ocrx_word' id='word_1_74' title='bbox 1284 981 1444 1024; x_wconf 85' lang='lat' dir='ltr'>nactus,</span> <span class='ocrx_word' id='word_1_75' title='bbox 1482 974 1620 1015; x_wconf 89' lang='lat' dir='ltr'>noluit</span> 
     </span>
     <span class='ocr_line' id='line_1_11' title="bbox 78 1043 1620 1101; baseline -0.003 -15"><span class='ocrx_word' id='word_1_76' title='bbox 78 1045 279 1101; x_wconf 67' lang='lat' dir='ltr'>9iyan,tas</span> <span class='ocrx_word' id='word_1_77' title='bbox 315 1045 537 1086; x_wconf 82' lang='lat' dir='ltr'>dimittere</span> <span class='ocrx_word' id='word_1_78' title='bbox 575 1044 665 1086; x_wconf 89' lang='lat' dir='ltr'>sine</span> <span class='ocrx_word' id='word_1_79' title='bbox 702 1044 812 1085; x_wconf 89' lang='lat' dir='ltr'>dono</span> <span class='ocrx_word' id='word_1_80' title='bbox 850 1044 916 1085; x_wconf 93' lang='lat' dir='ltr'>vel</span> <span class='ocrx_word' id='word_1_81' title='bbox 958 1044 1060 1099; x_wconf 87' lang='lat' dir='ltr'>ipsis</span> <span class='ocrx_word' id='word_1_82' title='bbox 1097 1045 1406 1085; x_wconf 83' lang='lat' dir='ltr'>monstrosiore.</span> <span class='ocrx_word' id='word_1_83' title='bbox 1484 1043 1620 1083; x_wconf 83' lang='lat' dir='ltr'>voluit</span> 
     </span>
     <span class='ocr_line' id='line_1_12' title="bbox 83 1112 1623 1169; baseline -0.003 -12"><span class='ocrx_word' id='word_1_84' title='bbox 83 1122 230 1157; x_wconf 89' lang='lat' dir='ltr'>tamen</span> <span class='ocrx_word' id='word_1_85' title='bbox 273 1115 348 1156; x_wconf 92' lang='lat' dir='ltr'>hos</span> <span class='ocrx_word' id='word_1_86' title='bbox 388 1114 586 1156; x_wconf 87' lang='lat' dir='ltr'>interseri</span> <span class='ocrx_word' id='word_1_87' title='bbox 627 1120 723 1169; x_wconf 90' lang='lat' dir='ltr'>post</span> <span class='ocrx_word' id='word_1_88' title='bbox 765 1128 932 1154; x_wconf 89' lang='lat' dir='ltr'>versum</span> <span class='ocrx_word' id='word_1_89' title='bbox 978 1114 1270 1154; x_wconf 77' lang='lat'>428”=421.</span> <span class='ocrx_word' id='word_1_90' title='bbox 1347 1113 1447 1153; x_wconf 90' lang='lat' dir='ltr'>illuc</span> <span class='ocrx_word' id='word_1_91' title='bbox 1490 1112 1623 1168; x_wconf 87' lang='lat' dir='ltr'>igitur</span> 
     </span>
     <span class='ocr_line' id='line_1_13' title="bbox 84 1179 1622 1236; baseline -0.003 -11"><span class='ocrx_word' id='word_1_92' title='bbox 84 1190 317 1233; x_wconf 89' lang='lat' dir='ltr'>transeant,</span> <span class='ocrx_word' id='word_1_93' title='bbox 356 1184 526 1225; x_wconf 90' lang='lat' dir='ltr'>inuerso</span> <span class='ocrx_word' id='word_1_94' title='bbox 568 1183 693 1224; x_wconf 89' lang='lat' dir='ltr'>modo</span> <span class='ocrx_word' id='word_1_95' title='bbox 735 1181 906 1233; x_wconf 82' lang='lat' dir='ltr'>ordine3</span> <span class='ocrx_word' id='word_1_96' title='bbox 957 1182 1054 1231; x_wconf 86' lang='lat' dir='ltr'>iam,</span> <span class='ocrx_word' id='word_1_97' title='bbox 1103 1181 1138 1222; x_wconf 90' lang='lat' dir='ltr'>si</span> <span class='ocrx_word' id='word_1_98' title='bbox 1189 1181 1291 1236; x_wconf 87' lang='lat' dir='ltr'>quid</span> <span class='ocrx_word' id='word_1_99' title='bbox 1335 1181 1471 1229; x_wconf 89' lang='lat' dir='ltr'>uideo,</span> <span class='ocrx_word' id='word_1_100' title='bbox 1515 1179 1622 1221; x_wconf 87' lang='lat' dir='ltr'>nihil</span> 
     </span>
     <span class='ocr_line' id='line_1_14' title="bbox 85 1251 586 1294; baseline -0.002 0"><span class='ocrx_word' id='word_1_101' title='bbox 85 1252 309 1294; x_wconf 86' lang='lat' dir='ltr'>habebunt</span> <span class='ocrx_word' id='word_1_102' title='bbox 340 1251 586 1294; x_wconf 88' lang='lat' dir='ltr'>monstrosi:</span> 
     </span>
    </p>
   </div>
   <div class='ocr_carea' id='block_1_6' title="bbox 287 1330 1622 1525">
    <p class='ocr_par' dir='ltr' id='par_1_6' title="bbox 287 1330 1622 1525">
     <span class='ocr_line' id='line_1_15' title="bbox 662 1330 1619 1385; baseline -0.005 -11"><span class='ocrx_word' id='word_1_103' title='bbox 662 1338 806 1374; x_wconf 86' lang='lat' dir='ltr'>uastos</span> <span class='ocrx_word' id='word_1_104' title='bbox 837 1346 935 1373; x_wconf 89' lang='lat' dir='ltr'>cum</span> <span class='ocrx_word' id='word_1_105' title='bbox 967 1337 1080 1372; x_wconf 82' lang='lat' dir='ltr'>terra</span> <span class='ocrx_word' id='word_1_106' title='bbox 1112 1330 1307 1385; x_wconf 83' lang='lat' dir='ltr'>gigantas</span> <span class='ocrx_word' id='word_1_107' title='bbox 1539 1330 1619 1370; x_wconf 82' lang='lat'>421</span> 
     </span>
     <span class='ocr_line' id='line_1_16' title="bbox 287 1399 1621 1456; baseline -0.004 -12"><span class='ocrx_word' id='word_1_108' title='bbox 287 1401 500 1444; x_wconf 81' lang='lat' dir='ltr'>discordes</span> <span class='ocrx_word' id='word_1_109' title='bbox 530 1401 675 1443; x_wconf 88' lang='lat' dir='ltr'>uultu¹</span> <span class='ocrx_word' id='word_1_110' title='bbox 710 1401 1007 1456; x_wconf 88' lang='lat' dir='ltr'>permixtaque</span> <span class='ocrx_word' id='word_1_111' title='bbox 1039 1413 1213 1454; x_wconf 90' lang='lat' dir='ltr'>corpora</span> <span class='ocrx_word' id='word_1_112' title='bbox 1244 1404 1391 1454; x_wconf 89' lang='lat' dir='ltr'>partus</span> <span class='ocrx_word' id='word_1_113' title='bbox 1539 1399 1621 1439; x_wconf 80' lang='lat'>429</span> 
     </span>
     <span class='ocr_line' id='line_1_17' title="bbox 289 1468 1622 1525; baseline -0.004 -14"><span class='ocrx_word' id='word_1_114' title='bbox 289 1485 408 1512; x_wconf 89' lang='lat' dir='ltr'>arma</span> <span class='ocrx_word' id='word_1_115' title='bbox 439 1470 721 1525; x_wconf 87' lang='lat' dir='ltr'>importantes</span> <span class='ocrx_word' id='word_1_116' title='bbox 753 1475 797 1511; x_wconf 87' lang='lat' dir='ltr'>et</span> <span class='ocrx_word' id='word_1_117' title='bbox 829 1475 957 1524; x_wconf 80' lang='lat' dir='ltr'>rupta</span> <span class='ocrx_word' id='word_1_118' title='bbox 988 1474 1124 1509; x_wconf 84' lang='lat' dir='ltr'>matre</span> <span class='ocrx_word' id='word_1_119' title='bbox 1156 1473 1317 1509; x_wconf 88' lang='lat' dir='ltr'>creatos</span> <span class='ocrx_word' id='word_1_120' title='bbox 1541 1468 1622 1506; x_wconf 79' lang='lat'>428</span> 
     </span>
    </p>
   </div>
   <div class='ocr_carea' id='block_1_7' title="bbox 290 1538 941 1581">
    <p class='ocr_par' dir='ltr' id='par_1_7' title="bbox 290 1538 941 1581">
     <span class='ocr_line' id='line_1_18' title="bbox 290 1538 941 1581; baseline -0.003 0"><span class='ocrx_word' id='word_1_121' title='bbox 290 1540 335 1581; x_wconf 90' lang='lat' dir='ltr'>in</span> <span class='ocrx_word' id='word_1_122' title='bbox 366 1540 534 1581; x_wconf 88' lang='lat' dir='ltr'>caelum</span> <span class='ocrx_word' id='word_1_123' title='bbox 564 1539 798 1580; x_wconf 88' lang='lat' dir='ltr'>furibunda</span> <span class='ocrx_word' id='word_1_124' title='bbox 829 1538 941 1580; x_wconf 88' lang='lat' dir='ltr'>tulit.</span> 
     </span>
    </p>
   </div>
   <div class='ocr_carea' id='block_1_8' title="bbox 175 1625 1623 1687">
    <p class='ocr_par' dir='ltr' id='par_1_8' title="bbox 175 1625 1623 1687">
     <span class='ocr_line' id='line_1_19' title="bbox 175 1625 1623 1687; baseline -0.006 -13"><span class='ocrx_word' id='word_1_125' title='bbox 175 1638 244 1675; x_wconf 88' lang='lat' dir='ltr'>‘at</span> <span class='ocrx_word' id='word_1_126' title='bbox 260 1631 497 1687; x_wconf 88' lang='lat' dir='ltr'>languiduli</span> <span class='ocrx_word' id='word_1_127' title='bbox 521 1637 621 1672; x_wconf 89' lang='lat' dir='ltr'>sunt</span> <span class='ocrx_word' id='word_1_128' title='bbox 643 1637 687 1672; x_wconf 89' lang='lat' dir='ltr'>et</span> <span class='ocrx_word' id='word_1_129' title='bbox 708 1630 864 1686; x_wconf 87' lang='lat' dir='ltr'>quibus</span> <span class='ocrx_word' id='word_1_130' title='bbox 886 1629 1007 1671; x_wconf 90' lang='lat' dir='ltr'>facile</span> <span class='ocrx_word' id='word_1_131' title='bbox 1030 1627 1260 1670; x_wconf 73' lang='lat' dir='ltr'>carnei-im.²</span> <span class='ocrx_word' id='word_1_132' title='bbox 1307 1626 1523 1668; x_wconf 88' lang='lat' dir='ltr'>adsentior</span> <span class='ocrx_word' id='word_1_133' title='bbox 1544 1625 1623 1667; x_wconf 87' lang='lat' dir='ltr'>tibi</span> 
     </span>
    </p>
   </div>
   <div class='ocr_carea' id='block_1_9' title="bbox 88 1696 1626 1813">
    <p class='ocr_par' dir='ltr' id='par_1_9' title="bbox 88 1696 1626 1813">
     <span class='ocr_line' id='line_1_20' title="bbox 88 1696 1626 1758; baseline -0.006 -14"><span class='ocrx_word' id='word_1_134' title='bbox 88 1701 282 1758; x_wconf 88' lang='lat' dir='ltr'>quisquis</span> <span class='ocrx_word' id='word_1_135' title='bbox 314 1716 370 1750; x_wconf 91' lang='lat' dir='ltr'>es,</span> <span class='ocrx_word' id='word_1_136' title='bbox 397 1699 524 1742; x_wconf 89' lang='lat' dir='ltr'>modo</span> <span class='ocrx_word' id='word_1_137' title='bbox 552 1715 606 1741; x_wconf 91' lang='lat' dir='ltr'>ne</span> <span class='ocrx_word' id='word_1_138' title='bbox 637 1699 803 1754; x_wconf 89' lang='lat' dir='ltr'>spurios</span> <span class='ocrx_word' id='word_1_139' title='bbox 836 1713 1005 1754; x_wconf 89' lang='lat' dir='ltr'>quoque</span> <span class='ocrx_word' id='word_1_140' title='bbox 1039 1713 1110 1739; x_wconf 88' lang='lat' dir='ltr'>eos</span> <span class='ocrx_word' id='word_1_141' title='bbox 1140 1711 1230 1738; x_wconf 88' lang='lat' dir='ltr'>esse</span> <span class='ocrx_word' id='word_1_142' title='bbox 1261 1696 1343 1737; x_wconf 90' lang='lat' dir='ltr'>isto</span> <span class='ocrx_word' id='word_1_143' title='bbox 1374 1702 1626 1750; x_wconf 89' lang='lat' dir='ltr'>argumento</span> 
     </span>
     <span class='ocr_line' id='line_1_21' title="bbox 88 1768 725 1813; baseline -0.006 0"><span class='ocrx_word' id='word_1_144' title='bbox 88 1771 402 1813; x_wconf 85' lang='lat' dir='ltr'>demonstrasse</span> <span class='ocrx_word' id='word_1_145' title='bbox 423 1769 507 1811; x_wconf 86' lang='lat' dir='ltr'>tibi</span> <span class='ocrx_word' id='word_1_146' title='bbox 529 1768 725 1810; x_wconf 88' lang='lat' dir='ltr'>uidearis.</span> 
     </span>
    </p>
   </div>
   <div class='ocr_carea' id='block_1_10' title="bbox 177 1875 419 1928">
    <p class='ocr_par' dir='ltr' id='par_1_10' title="bbox 177 1875 419 1928">
     <span class='ocr_line' id='line_1_22' title="bbox 177 1875 419 1928; baseline -0.008 -13"><span class='ocrx_word' id='word_1_147' title='bbox 177 1885 194 1915; x_wconf 90' lang='grc' dir='ltr'>Ι</span> <span class='ocrx_word' id='word_1_148' title='bbox 225 1875 310 1916; x_wconf 82' lang='lat'>433</span> <span class='ocrx_word' id='word_1_149' title='bbox 332 1887 419 1928; x_wconf 87' lang='lat' dir='ltr'>sqq.</span> 
     </span>
    </p>
   </div>
   <div class='ocr_carea' id='block_1_11' title="bbox 265 1960 1429 2152">
    <p class='ocr_par' dir='ltr' id='par_1_11' title="bbox 265 1960 1429 2152">
     <span class='ocr_line' id='line_1_23' title="bbox 265 1960 1429 2020; baseline -0.005 -16"><span class='ocrx_word' id='word_1_150' title='bbox 265 1978 394 2020; x_wconf 88' lang='lat' dir='ltr'>quam</span> <span class='ocrx_word' id='word_1_151' title='bbox 426 1967 600 2018; x_wconf 89' lang='lat' dir='ltr'>propter</span> <span class='ocrx_word' id='word_1_152' title='bbox 630 1966 751 2002; x_wconf 92' lang='lat' dir='ltr'>cetus</span> <span class='ocrx_word' id='word_1_153' title='bbox 782 1960 1042 2002; x_wconf 90' lang='lat' dir='ltr'>conuoluens</span> <span class='ocrx_word' id='word_1_154' title='bbox 1074 1973 1276 2014; x_wconf 87' lang='lat' dir='ltr'>squamea</span> <span class='ocrx_word' id='word_1_155' title='bbox 1308 1963 1429 2013; x_wconf 87' lang='lat' dir='ltr'>terga</span> 
     </span>
     <span class='ocr_line' id='line_1_24' title="bbox 266 2028 1226 2087; baseline -0.006 -12"><span class='ocrx_word' id='word_1_156' title='bbox 266 2033 441 2076; x_wconf 88' lang='lat' dir='ltr'>orbibus</span> <span class='ocrx_word' id='word_1_157' title='bbox 472 2031 656 2087; x_wconf 83' lang='lat' dir='ltr'>insurgit</span> <span class='ocrx_word' id='word_1_158' title='bbox 688 2031 809 2072; x_wconf 88' lang='lat' dir='ltr'>tortis</span> <span class='ocrx_word' id='word_1_159' title='bbox 840 2035 884 2071; x_wconf 90' lang='lat' dir='ltr'>et</span> <span class='ocrx_word' id='word_1_160' title='bbox 916 2030 1098 2070; x_wconf 82' lang='lat' dir='ltr'>fluctuat</span> <span class='ocrx_word' id='word_1_161' title='bbox 1129 2028 1226 2069; x_wconf 91' lang='lat' dir='ltr'>aluo</span> 
     </span>
     <span class='ocr_line' id='line_1_25' title="bbox 265 2096 1418 2152; baseline -0.007 -8"><span class='ocrx_word' id='word_1_162' title='bbox 265 2103 487 2144; x_wconf 83' lang='lat' dir='ltr'>intentans</span> <span class='ocrx_word' id='word_1_163' title='bbox 518 2115 704 2142; x_wconf 87' lang='lat' dir='ltr'>morsum</span> <span class='ocrx_word' id='word_1_164' title='bbox 737 2099 889 2141; x_wconf 88' lang='lat' dir='ltr'>similis</span> <span class='ocrx_word' id='word_1_165' title='bbox 919 2098 1004 2139; x_wconf 91' lang='lat' dir='ltr'>iam</span> <span class='ocrx_word' id='word_1_166' title='bbox 1036 2097 1208 2152; x_wconf 90' lang='lat' dir='ltr'>iamque</span> <span class='ocrx_word' id='word_1_167' title='bbox 1241 2096 1418 2138; x_wconf 87' lang='lat' dir='ltr'>tenenti.</span> 
     </span>
    </p>
   </div>
   <div class='ocr_carea' id='block_1_12' title="bbox 93 2184 1639 2874">
    <p class='ocr_par' dir='ltr' id='par_1_12' title="bbox 93 2184 1639 2874">
     <span class='ocr_line' id='line_1_26' title="bbox 179 2184 1627 2246; baseline -0.008 -10"><span class='ocrx_word' id='word_1_168' title='bbox 179 2193 413 2236; x_wconf 84' lang='lat' dir='ltr'>rectissime</span> <span class='ocrx_word' id='word_1_169' title='bbox 450 2192 503 2234; x_wconf 87' lang='lat' dir='ltr'>ad</span> <span class='ocrx_word' id='word_1_170' title='bbox 543 2206 634 2233; x_wconf 90' lang='lat' dir='ltr'>rem</span> <span class='ocrx_word' id='word_1_171' title='bbox 670 2190 844 2246; x_wconf 90' lang='lat' dir='ltr'>quidem</span> <span class='ocrx_word' id='word_1_172' title='bbox 878 2188 1121 2230; x_wconf 85' lang='lat' dir='ltr'>Bentleius:</span> <span class='ocrx_word' id='word_1_173' title='bbox 1155 2186 1324 2242; x_wconf 78' lang='lat' dir='ltr'>“Atqui</span> <span class='ocrx_word' id='word_1_174' title='bbox 1355 2191 1445 2227; x_wconf 88' lang='lat' dir='ltr'>tam</span> <span class='ocrx_word' id='word_1_175' title='bbox 1477 2184 1627 2226; x_wconf 88' lang='lat' dir='ltr'>similis</span> 
     </span>
     <span class='ocr_line' id='line_1_27' title="bbox 93 2253 1632 2320; baseline -0.009 -13"><span class='ocrx_word' id='word_1_176' title='bbox 93 2264 250 2320; x_wconf 87' lang='lat' dir='ltr'>[cetus]</span> <span class='ocrx_word' id='word_1_177' title='bbox 282 2269 348 2306; x_wconf 87' lang='lat' dir='ltr'>est</span> <span class='ocrx_word' id='word_1_178' title='bbox 382 2261 552 2304; x_wconf 87' lang='lat' dir='ltr'>tenenti</span> <span class='ocrx_word' id='word_1_179' title='bbox 585 2259 906 2302; x_wconf 84' lang='lat' dir='ltr'>Andromedam</span> <span class='ocrx_word' id='word_1_180' title='bbox 942 2272 1072 2313; x_wconf 86' lang='lat' dir='ltr'>quam</span> <span class='ocrx_word' id='word_1_181' title='bbox 1110 2256 1182 2311; x_wconf 88' lang='lat' dir='ltr'>qui</span> <span class='ocrx_word' id='word_1_182' title='bbox 1219 2255 1396 2297; x_wconf 88' lang='lat' dir='ltr'>dimidio</span> <span class='ocrx_word' id='word_1_183' title='bbox 1432 2253 1547 2296; x_wconf 87' lang='lat' dir='ltr'>caelo</span> <span class='ocrx_word' id='word_1_184' title='bbox 1578 2253 1632 2294; x_wconf 88' lang='lat' dir='ltr'>ab</span> 
     </span>
     <span class='ocr_line' id='line_1_28' title="bbox 93 2323 1628 2380; baseline -0.009 -4"><span class='ocrx_word' id='word_1_185' title='bbox 93 2348 144 2376; x_wconf 84' lang='lat' dir='ltr'>ea</span> <span class='ocrx_word' id='word_1_186' title='bbox 170 2333 311 2375; x_wconf 89' lang='lat' dir='ltr'>distet.</span> <span class='ocrx_word' id='word_1_187' title='bbox 373 2331 521 2374; x_wconf 87' lang='lat' dir='ltr'>Cicero</span> <span class='ocrx_word' id='word_1_188' title='bbox 543 2330 588 2371; x_wconf 91' lang='lat' dir='ltr'>in</span> <span class='ocrx_word' id='word_1_189' title='bbox 609 2329 782 2371; x_wconf 83' lang='lat' dir='ltr'>Arateis</span> <span class='ocrx_word' id='word_1_190' title='bbox 811 2327 945 2369; x_wconf 84' lang='lat' dir='ltr'>‘Exin</span> <span class='ocrx_word' id='word_1_191' title='bbox 975 2333 1182 2369; x_wconf 82' lang='lat' dir='ltr'>semotam</span> <span class='ocrx_word' id='word_1_192' title='bbox 1207 2324 1352 2380; x_wconf 89' lang='lat' dir='ltr'>procul</span> <span class='ocrx_word' id='word_1_193' title='bbox 1381 2323 1426 2364; x_wconf 90' lang='lat' dir='ltr'>in</span> <span class='ocrx_word' id='word_1_194' title='bbox 1448 2328 1628 2377; x_wconf 86' lang='lat' dir='ltr'>tutoque</span> 
     </span>
     <span class='ocr_line' id='line_1_29' title="bbox 95 2391 1632 2458; baseline -0.01 -13"><span class='ocrx_word' id='word_1_195' title='bbox 95 2403 275 2445; x_wconf 88' lang='lat' dir='ltr'>locatam</span> <span class='ocrx_word' id='word_1_196' title='bbox 304 2400 310 2458; x_wconf 90' lang='grc' dir='ltr'>Ι</span> <span class='ocrx_word' id='word_1_197' title='bbox 337 2399 656 2442; x_wconf 87' lang='lat' dir='ltr'>Andromedam</span> <span class='ocrx_word' id='word_1_198' title='bbox 684 2404 831 2440; x_wconf 87' lang='lat' dir='ltr'>tamen</span> <span class='ocrx_word' id='word_1_199' title='bbox 861 2396 1085 2452; x_wconf 87' lang='lat' dir='ltr'>explorans</span> <span class='ocrx_word' id='word_1_200' title='bbox 1112 2395 1201 2436; x_wconf 88' lang='lat' dir='ltr'>fera</span> <span class='ocrx_word' id='word_1_201' title='bbox 1229 2407 1431 2450; x_wconf 87' lang='lat' dir='ltr'>quaerere</span> <span class='ocrx_word' id='word_1_202' title='bbox 1455 2391 1603 2446; x_wconf 86' lang='lat' dir='ltr'>pistrix</span> <span class='ocrx_word' id='word_1_203' title='bbox 1629 2391 1632 2444; x_wconf 72' lang='lat' dir='ltr'>l</span> 
     </span>
     <span class='ocr_line' id='line_1_30' title="bbox 96 2461 1632 2528; baseline -0.009 -14"><span class='ocrx_word' id='word_1_204' title='bbox 96 2470 298 2528; x_wconf 88' lang='lat' dir='ltr'>Pergit.&#39;&#39;’</span> <span class='ocrx_word' id='word_1_205' title='bbox 339 2470 414 2512; x_wconf 88' lang='lat' dir='ltr'>sed</span> <span class='ocrx_word' id='word_1_206' title='bbox 436 2469 569 2511; x_wconf 88' lang='lat' dir='ltr'>uerba</span> <span class='ocrx_word' id='word_1_207' title='bbox 589 2468 692 2510; x_wconf 91' lang='lat' dir='ltr'>dum</span> <span class='ocrx_word' id='word_1_208' title='bbox 714 2467 844 2508; x_wconf 87' lang='lat' dir='ltr'>nimis</span> <span class='ocrx_word' id='word_1_209' title='bbox 865 2465 991 2507; x_wconf 84' lang='lat' dir='ltr'>anxie</span> <span class='ocrx_word' id='word_1_210' title='bbox 1014 2464 1182 2520; x_wconf 89' lang='lat' dir='ltr'>premit,</span> <span class='ocrx_word' id='word_1_211' title='bbox 1199 2461 1457 2504; x_wconf 83' lang='lat' dir='ltr'>sententiam</span> <span class='ocrx_word' id='word_1_212' title='bbox 1480 2466 1632 2516; x_wconf 88' lang='lat' dir='ltr'>poetae</span> 
     </span>
     <span class='ocr_line' id='line_1_31' title="bbox 97 2529 1628 2597; baseline -0.01 -14"><span class='ocrx_word' id='word_1_213' title='bbox 97 2557 182 2583; x_wconf 91' lang='lat' dir='ltr'>non</span> <span class='ocrx_word' id='word_1_214' title='bbox 222 2540 452 2597; x_wconf 85' lang='lat' dir='ltr'>perspexit.</span> <span class='ocrx_word' id='word_1_215' title='bbox 527 2537 760 2580; x_wconf 88' lang='lat' dir='ltr'>translatae</span> <span class='ocrx_word' id='word_1_216' title='bbox 802 2537 843 2577; x_wconf 92' lang='lat' dir='ltr'>in</span> <span class='ocrx_word' id='word_1_217' title='bbox 887 2535 1025 2577; x_wconf 87' lang='lat' dir='ltr'>sidera</span> <span class='ocrx_word' id='word_1_218' title='bbox 1065 2534 1179 2574; x_wconf 87' lang='lat' dir='ltr'>serae</span> <span class='ocrx_word' id='word_1_219' title='bbox 1222 2532 1444 2587; x_wconf 82' lang='lat' dir='ltr'>finguntur</span> <span class='ocrx_word' id='word_1_220' title='bbox 1487 2529 1628 2570; x_wconf 86' lang='lat' dir='ltr'>omnia</span> 
     </span>
     <span class='ocr_line' id='line_1_32' title="bbox 98 2599 1635 2665; baseline -0.01 -12"><span class='ocrx_word' id='word_1_221' title='bbox 98 2611 282 2653; x_wconf 88' lang='lat' dir='ltr'>retinere</span> <span class='ocrx_word' id='word_1_222' title='bbox 310 2624 421 2665; x_wconf 86' lang='lat' dir='ltr'>quae</span> <span class='ocrx_word' id='word_1_223' title='bbox 448 2607 694 2650; x_wconf 84' lang='lat' dir='ltr'>uiuentium</span> <span class='ocrx_word' id='word_1_224' title='bbox 724 2606 939 2662; x_wconf 85' lang='lat' dir='ltr'>quondam</span> <span class='ocrx_word' id='word_1_225' title='bbox 967 2603 1137 2658; x_wconf 87' lang='lat' dir='ltr'>propria</span> <span class='ocrx_word' id='word_1_226' title='bbox 1161 2607 1293 2642; x_wconf 88' lang='lat' dir='ltr'>erant.</span> <span class='ocrx_word' id='word_1_227' title='bbox 1358 2599 1468 2640; x_wconf 87' lang='lat' dir='ltr'>idem</span> <span class='ocrx_word' id='word_1_228' title='bbox 1497 2604 1635 2639; x_wconf 87' lang='lat' dir='ltr'>status</span> 
     </span>
     <span class='ocr_line' id='line_1_33' title="bbox 99 2666 1633 2736; baseline -0.012 -13"><span class='ocrx_word' id='word_1_229' title='bbox 99 2686 245 2736; x_wconf 89' lang='lat' dir='ltr'>gestus</span> <span class='ocrx_word' id='word_1_230' title='bbox 278 2679 432 2728; x_wconf 89' lang='lat' dir='ltr'>uoltus,</span> <span class='ocrx_word' id='word_1_231' title='bbox 463 2676 639 2734; x_wconf 90' lang='lat' dir='ltr'>perinde</span> <span class='ocrx_word' id='word_1_232' title='bbox 671 2690 719 2717; x_wconf 91' lang='lat' dir='ltr'>ac</span> <span class='ocrx_word' id='word_1_233' title='bbox 751 2675 786 2715; x_wconf 80' lang='lat' dir='ltr'>si</span> <span class='ocrx_word' id='word_1_234' title='bbox 819 2673 1041 2715; x_wconf 84' lang='lat' dir='ltr'>Medusam</span> <span class='ocrx_word' id='word_1_235' title='bbox 1077 2670 1378 2725; x_wconf 86' lang='lat' dir='ltr'>adspexissent.</span> <span class='ocrx_word' id='word_1_236' title='bbox 1440 2673 1558 2708; x_wconf 89' lang='lat' dir='ltr'>cetus</span> <span class='ocrx_word' id='word_1_237' title='bbox 1589 2666 1633 2706; x_wconf 91' lang='lat' dir='ltr'>in</span> 
     </span>
     <span class='ocr_line' id='line_1_34' title="bbox 100 2734 1634 2798; baseline -0.011 -7"><span class='ocrx_word' id='word_1_238' title='bbox 100 2748 226 2791; x_wconf 89' lang='lat' dir='ltr'>terris</span> <span class='ocrx_word' id='word_1_239' title='bbox 266 2747 513 2789; x_wconf 86' lang='lat' dir='ltr'>intentabat</span> <span class='ocrx_word' id='word_1_240' title='bbox 554 2759 726 2792; x_wconf 89' lang='lat' dir='ltr'>morsus,</span> <span class='ocrx_word' id='word_1_241' title='bbox 763 2749 910 2798; x_wconf 88' lang='lat' dir='ltr'>raptus</span> <span class='ocrx_word' id='word_1_242' title='bbox 951 2741 996 2781; x_wconf 90' lang='lat' dir='ltr'>in</span> <span class='ocrx_word' id='word_1_243' title='bbox 1027 2739 1165 2780; x_wconf 89' lang='lat' dir='ltr'>sidera</span> <span class='ocrx_word' id='word_1_244' title='bbox 1195 2739 1383 2779; x_wconf 89' lang='lat' dir='ltr'>intentat</span> <span class='ocrx_word' id='word_1_245' title='bbox 1415 2737 1533 2788; x_wconf 89' lang='lat' dir='ltr'>(nam</span> <span class='ocrx_word' id='word_1_246' title='bbox 1567 2734 1634 2774; x_wconf 91' lang='lat' dir='ltr'>hic</span> 
     </span>
     <span class='ocr_line' id='line_1_35' title="bbox 100 2803 1639 2874; baseline -0.012 -14"><span class='ocrx_word' id='word_1_247' title='bbox 100 2832 272 2874; x_wconf 93' lang='lat' dir='ltr'>quoque</span> <span class='ocrx_word' id='word_1_248' title='bbox 302 2816 476 2858; x_wconf 88' lang='lat' dir='ltr'>timeret</span> <span class='ocrx_word' id='word_1_249' title='bbox 505 2811 782 2856; x_wconf 89' lang='lat' dir='ltr'>Andromeda</span> <span class='ocrx_word' id='word_1_250' title='bbox 808 2811 949 2852; x_wconf 72' lang='lat' dir='ltr'>hiatus</span> <span class='ocrx_word' id='word_1_251' title='bbox 977 2808 1069 2850; x_wconf 88' lang='lat' dir='ltr'>eius</span> <span class='ocrx_word' id='word_1_252' title='bbox 1090 2812 1241 2854; x_wconf 76' lang='lat' dir='ltr'>uastos,</span> <span class='ocrx_word' id='word_1_253' title='bbox 1264 2807 1346 2846; x_wconf 83' lang='lat'>356</span> <span class='ocrx_word' id='word_1_254' title='bbox 1370 2818 1469 2858; x_wconf 88' lang='lat' dir='ltr'>sqq.,</span> <span class='ocrx_word' id='word_1_255' title='bbox 1492 2803 1571 2843; x_wconf 87' lang='lat' dir='ltr'>nisi</span> <span class='ocrx_word' id='word_1_256' title='bbox 1594 2803 1639 2842; x_wconf 91' lang='lat' dir='ltr'>in</span> 
     </span>
    </p>
   </div>
   <div class='ocr_carea' id='block_1_13' title="bbox 506 2914 1246 2962">
    <p class='ocr_par' dir='ltr' id='par_1_13' title="bbox 506 2914 1246 2962">
     <span class='ocr_line' id='line_1_36' title="bbox 506 2914 1246 2962; baseline -0.015 -8"><span class='ocrx_word' id='word_1_257' title='bbox 506 2922 516 2942; x_wconf 82' lang='lat'>¹</span> <span class='ocrx_word' id='word_1_258' title='bbox 541 2921 680 2962; x_wconf 80' lang='lat' dir='ltr'>quidam</span> <span class='ocrx_word' id='word_1_259' title='bbox 704 2920 843 2955; x_wconf 78' lang='lat' dir='ltr'>nultum,</span> <span class='ocrx_word' id='word_1_260' title='bbox 867 2915 962 2948; x_wconf 79' lang='lat' dir='ltr'>haud</span> <span class='ocrx_word' id='word_1_261' title='bbox 985 2914 1054 2946; x_wconf 82' lang='lat' dir='ltr'>scio</span> <span class='ocrx_word' id='word_1_262' title='bbox 1078 2924 1122 2945; x_wconf 79' lang='lat' dir='ltr'>an</span> <span class='ocrx_word' id='word_1_263' title='bbox 1147 2915 1246 2944; x_wconf 84' lang='lat' dir='ltr'>recte.</span> 
     </span>
    </p>
   </div>
  </div>
 </body>
</html>
