1981 3334
768 637 1103 687 INDICES.

526 824 558 861 Ι.
618 823 825 861 RERVM
868 823 935 861 ET
974 823 1312 863 VERBORVM.

145 979 185 1000 ac
201 972 234 1001 et
251 974 281 1001 et
298 969 335 1000 iu
353 980 382 1000 m
397 972 558 1010 corrupta
577 981 611 1002 21

146 1025 301 1056 accedere
317 1024 359 1056 de
376 1024 464 1056 mari
481 1037 523 1066 40

145 1083 240 1110 actus
257 1078 360 1121 (solis)
379 1091 416 1122 3²

146 1134 324 1165 adiuratus
340 1144 407 1166 uox
423 1134 527 1166 dubia
546 1136 585 1168 26
602 1145 634 1166 η.

144 1187 355 1220 adsonantes
371 1188 423 1220 bis
440 1188 504 1220 sibi
521 1199 620 1221 uoces
638 1193 677 1222 28

143 1242 296 1282 aequalis
313 1243 347 1273 et
363 1247 394 1273 et
409 1243 521 1282 qualis
537 1243 681 1275 confuse.
698 1244 740 1284 64

144 1294 315 1327 alchemia
332 1295 369 1327 in
387 1306 421 1327 1v
438 1298 501 1329 249
518 1307 589 1328 non
605 1297 765 1330 innuitur
787 1309 822 1330 12

143 1351 258 1382 anima
274 1353 308 1382 et
325 1353 456 1383 animus
478 1354 516 1384 18

143 1405 291 1437 Antares
309 1405 342 1446 (a
359 1405 503 1448 scorpii)
523 1406 622 1438 stella
639 1408 680 1440 68

143 1461 297 1500 aplustra
314 1460 350 1491 in
367 1461 548 1500 naufragio
565 1475 607 1501 44

142 1525 232 1547 arces
249 1525 310 1556 pro
327 1525 464 1547 summo
481 1515 625 1555 imperio
644 1527 684 1557 34

143 1580 249 1601 armos
265 1580 401 1601 onerare
420 1581 461 1611 50

143 1627 360 1666 arquitenens
378 1636 417 1667 57

142 1685 178 1711 at
195 1680 351 1719 sequitur
368 1676 578 1721 quamquam,
595 1681 657 1711 etsi
675 1692 712 1720 41

142 1736 262 1775 atquin
278 1744 339 1775 pro
355 1736 451 1775 atqui
469 1734 636 1774 scriptum
658 1745 696 1766 10

142 1789 218 1821 auri
234 1789 382 1820 artifices
398 1788 462 1820 sub
479 1788 688 1828 Capricorno
705 1793 786 1820 sunt
808 1800 841 1820 12

143 1845 193 1876 bis
209 1847 243 1875 et
260 1845 319 1875 uix
337 1843 428 1875 inter
444 1852 479 1874 se
495 1843 640 1874 confusa
658 1854 694 1884 31

143 1899 288 1939 capellus
313 1897 405 1938 apud
427 1897 536 1929 bonos
559 1901 716 1929 auctores
738 1907 809 1928 non
829 1908 880 1928 re-

187 1953 320 1994 peritur
338 1965 354 1985 2
361 1964 378 1995 3

143 2008 256 2050 Capri,
287 2007 323 2039 h.
355 2017 384 2039 e.
416 2007 629 2048 Capricorni,
668 2011 752 2039 nota
787 2007 823 2038 in
858 2018 880 2038 .ι·

186 2066 348 2103 corrupta
365 2065 404 2105 58

141 2127 257 2158 capere
275 2128 326 2160 37,
346 2118 386 2159 67

141 2181 275 2212 carpere
290 2174 324 2203 et
340 2182 454 2213 rapere
471 2171 563 2203 inter
586 2181 620 2203 se
641 2171 880 2211 distinguntur

193 2238 205 2259 1

141 2242 248 2314 enai-e
264 2281 320 2313 uel
335 2283 420 2313 ciere
437 2281 557 2313 durius
573 2281 703 2313 dietum
727 2294 762 2323 ¹4

141 2337 264 2369 clauda
271 2337 361 2378 fides
379 2337 420 2368 56

141 2391 346 2432 compendia
377 2390 547 2423 scribendi
575 2391 721 2423 confusa
747 2402 800 2429 22,
827 2402 878 2433 27,

187 2457 225 2489 31
244 2455 277 2478 n.

141 2500 334 2541 composita
351 2509 371 2532 a
386 2500 539 2532 librariis
556 2500 724 2532 distracta
740 2501 782 2541 64

142 2565 363 2587 consummare
382 2565 420 2595 25

141 2618 377 2642 CORRVPTELAE
401 2618 550 2640 comcvu
575 2619 835 2640 MAximmouvM

185 2662 353 2704 deperditi
370 2673 489 2695 uersus
506 2678 559 2705 44,
577 2674 629 2706 49,
647 2663 686 2705 67

185 2719 340 2750 mutatae
355 2717 445 2750 sedis
463 2727 583 2750 uersus

227 2772 295 2805 alio
319 2772 572 2813 transponendi
599 2785 628 2810 2,
647 2786 678 2813 4,
697 2783 725 2813 5,
743 2773 762 2805 6
786 2772 877 2813 (bis),

317 2829 347 2867 8,
373 2839 420 2866 12,
445 2837 494 2870 13,
516 2838 551 2867 15

228 2881 380 2915 incertae
396 2882 486 2915 sedis
502 2893 533 2926 9,
552 2892 604 2924 33,
624 2892 661 2922 5²

992 969 1100 1010 spurii
1117 973 1177 1002 aut
1191 971 1341 1011 suspecti
1357 981 1477 1003 uersus
1489 974 1519 1011 8,
1542 984 1550 1004 1
1564 984 1573 1004 1
1592 971 1685 1011 (bis),

1038 1036 1088 1066 37»
1107 1035 1148 1065 43

991 1081 1179 1110 ceterarum
1211 1081 1483 1121 corruptelarum
1518 1091 1684 1113 summar-

1036 1134 1108 1165 ium
1127 1145 1168 1177 59
1185 1145 1258 1175 sqq.

949 1198 1070 1220 cin-uae
1086 1190 1273 1229 quadrigyae
1291 1191 1310 1222 6

952 1244 1079 1283 Cypria
1096 1253 1157 1283 pro
1176 1244 1305 1276 Venere
1322 1257 1362 1284 42

949 1296 1058 1328 datiui
1076 1298 1240 1330 audacior
1258 1309 1341 1329 usus
1358 1310 1388 1341 9,
1411 1300 1448 1332 16
1469 1310 1500 1330 η.

948 1352 1029 1382 Deci
1050 1352 1164 1393 (plur.)
1181 1362 1242 1392 pro
1260 1354 1356 1384 Decii
1375 1363 1415 1394 47

948 1407 1095 1443 decuma,
1115 1409 1297 1439 undecuma
1317 1420 1356 1451 39

948 1461 1095 1491 derectus
1113 1472 1163 1497 21,
1183 1464 1222 1502 58

947 1516 1166 1546 ‹leueneratus
1183 1516 1321 1556 passiue
1340 1529 1377 1558 35

947 1570 1118 1601 ‹leuincere
1135 1580 1196 1610 pro
1213 1572 1384 1602 detritu-ias
1403 1573 1442 1613 67

947 1624 1124 1656 discribere
1143 1636 1179 1665 4¹

945 1677 1065 1709 durius
1086 1679 1178 1711 dicta
1199 1680 1289 1720 apud
1308 1681 1491 1712 Manilium
1509 1682 1621 1713 Praef.
1642 1692 1674 1722 p.

991 1733 1023 1764 vi
1041 1744 1102 1773 Sti-⁷
1121 1746 1151 1776 9,
1175 1747 1220 1776 14,
1244 1746 1281 1776 47

947 1798 973 1823 e,
991 1799 1035 1825 ec,
1054 1800 1093 1819 er
1110 1799 1187 1820 cum
1204 1795 1233 1820 et
1252 1791 1395 1821 confusa
1414 1791 1433 1821 6
1437 1802 1454 1831 3

947 1852 981 1873 ec
1014 1843 1103 1882 apud
1135 1844 1321 1882 Vergilium
1355 1854 1524 1884 nusquam
1566 1849 1678 1876 exstat

991 1896 1032 1938 63
1052 1907 1080 1927 η.

940 1952 966 1990 f
976 1953 1054 1990 post
1064 1952 1089 1990 f
1102 1951 1228 1982 excidit
1249 1963 1264 1983 2

947 2004 1036 2035 ferae
1053 2005 1143 2036 inter
1161 2005 1274 2037 sidera
1293 2017 1310 2046 5

940 2060 1172 2098 ,litlcimentum
1188 2071 1227 2100 45

939 2115 1113 2152 funestare
1131 2127 1172 2155 40

945 2171 1089 2208 {laudere
1105 2172 1137 2201 et
1154 2172 1290 2201 suadere
1310 2170 1400 2201 inter
1416 2181 1450 2201 se
1466 2172 1610 2203 confusa
1628 2184 1665 2213 35

946 2226 1111 2263 {sentinare
1130 2236 1169 2265 3²

944 2278 1156 2317 yeninsseliae
1169 2279 1235 2317 (uel
1247 2279 1360 2319 bonus)
1375 2279 1494 2318 ἀγαθὸς
1507 2280 1624 2317 δαίμων
1639 2290 1676 2321 25

945 2333 1054 2371 (Jloria
1069 2334 1102 2364 et
1117 2335 1231 2372 qratia
1247 2333 1390 2364 confusa
1407 2343 1444 2374 41

946 2386 1116 2426 glossema
1132 2387 1377 2428 perantiquum
1399 2399 1436 2420 10

947 2442 1049 2473 honus
1069 2456 1109 2483 44

946 2498 1112 2529 Horatius
1128 2506 1189 2537 pro
1205 2496 1376 2528 adiectiuo
1393 2507 1432 2538 47

949 2553 1015 2583 iam
1030 2561 1108 2583 cum
1125 2551 1344 2582 substantiuo
1361 2551 1582 2583 coniunctum
1601 2564 1639 2593 4²

947 2606 1123 2647 Illyricum
1141 2606 1359 2646 scopulosum
1378 2619 1414 2647 4¹

950 2663 997 2693 ἰιι-
1014 2661 1050 2693 in
1068 2662 1144 2693 hinc
1162 2663 1359 2701 corruptum
1379 2672 1418 2702 45

946 2717 1110 2748 incluctus
1127 2725 1205 2747 cum
1222 2715 1420 2747 accusatiuo
1437 2726 1473 2754 4¹

948 2771 1134 2803 iudicatiuo
1165 2780 1226 2811 pro
1258 2769 1476 2801 subiunctiuo
1507 2769 1542 2800 in
1567 2769 1674 2809 philo-

991 2825 1175 2866 sophorum
1192 2823 1450 2864 quaestionibus
1464 2827 1582 2864 poetae
1595 2824 1675 2856 abu-

991 2882 1114 2912 tuntur
1134 2889 1170 2921 19
1189 2889 1218 2910 n.
