1981 3334
623 226 710 262 SIJ,
727 226 784 262 ΓΑ
829 226 903 263 ,lm
914 227 980 263 XI
987 227 1012 263 L
1021 227 1071 264 ΙΛ
1085 228 1165 264 ΧΑ.
1614 231 1661 266 ’29

302 362 385 388 non
420 348 543 388 annis
574 347 675 388 anni
709 361 786 388 nce
818 361 985 388 menses·
1019 348 1237 388 mensibus
1270 364 1404 404 usquo
1584 353 1665 390 ‚3530

302 416 570 457 conueniunt
602 431 732 471 seque
765 416 855 471 ipsc
887 416 978 457 dios
1012 417 1233 472 aliumque
1267 418 1442 473 requirit

304 486 492 541 horaque
524 501 606 527 non
640 501 845 541 uniquam
879 486 1031 527 similis
1064 487 1312 542 producitur
1344 488 1479 528 horae.

217 576 260 617 in
293 591 332 617 u.
367 579 445 618 531
481 576 697 632 aliumque
727 577 882 618 mirum
915 577 958 618 in
993 577 1164 618 modum
1197 586 1369 632 torquet
1403 578 1668 633 interprete&

131 645 206 701 qui
235 645 426 693 laterem,
453 645 565 701 quod
595 646 762 694 dicitnr,
791 646 950 687 lauant.
1012 647 1284 688 scribendum
1316 648 1516 688 «numm.
1581 648 1667 702 ipse

131 713 222 755 dies
247 714 405 755 frustra
431 728 474 755 se
504 715 770 756 extrinsecus
802 716 982 771 quaerit,
1011 731 1084 757 sen
1115 716 1264 765 mauis,
1288 716 1394 757 nihil
1419 717 1501 757 dici
1526 731 1600 771 par
1621 731 1668 757 ac

131 782 271 824 simile
294 783 375 823 nisi
399 783 499 838 ipse.

218 851 291 893 sed
328 866 382 893 ne
419 852 493 907 qui
528 853 791 907 praecedunt
816 853 991 909 quidem
1025 868 1174 894 uersus
1207 854 1297 895 sani
1333 869 1422 895 esse
1458 853 1667 894 uidentur.

132 921 319 976 primum
362 921 406 961 in
449 936 486 962 u.
531 922 611 962 527
661 922 707 962 in
749 928 912 963 cunctos
956 922 1081 977 plane
1127 923 1245 963 alind
1293 929 1357 963 cst
1397 930 1526 978 atque
1571 929 1670 977 ‘per

132 990 332 1031 cunctos’
369 992 437 1038 (IV
474 990 548 1042 97)
585 990 695 1045 quod
731 990 914 1031 contulit
948 991 1182 1033 Bentleius.
1260 999 1427 1033 ueteres
1463 991 1556 1033 edd.
1598 991 1667 1031 ‘in

133 1058 310 1100 cunctis'
342 1058 513 1099 liabent.
575 1057 846 1099 scribendum
870 1059 1044 1100 fortasse
1067 1074 1142 1113 pro
1165 1060 1233 1100 ‘in
1256 1061 1422 1100 cnctos’
1445 1060 1642 1114 ‘inceptu
1662 1058 1669 1072 ’

133 1128 210 1169 h.e.
229 1138 489 1177 INCEPTVM,
510 1126 729 1182 geminata
745 1142 764 1168 s
785 1142 809 1168 a
831 1142 916 1182 qua
936 1127 1088 1183 incipit
1111 1129 1330 1170 ‘seruant’
1382 1129 1557 1169 fortasse
1575 1128 1670 1183 quis

135 1196 337 1239 maluerit
379 1196 590 1252 ‘inceptos
632 1194 822 1237 tenores'
866 1196 979 1251 quod
1021 1196 1126 1238 illud
1171 1197 1429 1238 uocabulum
1471 1212 1497 1238 a
1529 1196 1670 1238 Statio

134 1265 290 1320 plurali
313 1265 500 1306 effertur.
562 1279 659 1305 mox
689 1279 798 1320 quae
828 1264 1035 1305 claudunt
1065 1279 1134 1307 uu.
1159 1267 1240 1306 528
1263 1272 1305 1306 ct
1330 1267 1412 1307 530
1440 1280 1672 1320 usquam—

134 1349 264 1390 usque
293 1334 463 1376 inuerso
491 1334 637 1375 ordine
659 1334 784 1376 scribi
802 1334 1033 1376 debebunt.
1095 1335 1153 1375 sic
1177 1334 1292 1376 enim
1314 1334 1531 1376 sententia
1553 1334 1672 1389 flagi-

134 1408 214 1452 tat,
233 1403 423 1444 ‘fortuna
445 1417 528 1444 non
551 1410 696 1444 seruat
718 1409 912 1444 tenorem
935 1418 1012 1445 nec
1035 1418 1160 1458 usque
1182 1404 1236 1456 (=
1250 1403 1302 1444 ad
1325 1403 1467 1452 finem,
1490 1404 1675 1458 semper)

135 1480 360 1527 permanet
375 1471 383 1485 '
415 1472 487 1512 sed
520 1477 528 1490 ‘
545 1486 710 1513 menses
734 1487 940 1527 nusquam
963 1472 1180 1513 mensibus
1203 1472 1480 1520 conueniunt,
1501 1479 1544 1513 et
1567 1471 1672 1511 nulli

135 1540 264 1582 horae
287 1540 438 1582 similis
469 1540 572 1582 hora
602 1541 874 1596 producitur.'
934 1541 1047 1595 quod
1071 1540 1185 1582 idem
1208 1540 1466 1582 uocabulum
1489 1539 1672 1595 ‘usque'

137 1616 182 1651 et
204 1609 380 1651 inducat
414 1624 587 1650 uersum
614 1616 658 1651 et
687 1609 873 1659 claudat,
894 1609 1010 1651 haud
1032 1609 1182 1651 eodem
1205 1616 1351 1651 tamen
1372 1624 1497 1650 sensu
1519 1609 1672 1664 accipi-

137 1680 309 1730 endum,
333 1695 458 1722 nemo
481 1679 709 1722 mirabitur
731 1680 805 1736 qui
828 1686 1026 1722 ueterum
1048 1680 1303 1735 scriptorum
1325 1680 1489 1735 peritus
1509 1680 1575 1720 sit.

224 1783 279 1813 111
312 1774 394 1814 545
416 1786 504 1827 sqq.

830 1828 953 1870 uenit
983 1828 1121 1869 omnis
1151 1827 1204 1870 ad
1235 1833 1398 1869 astrum

311 1898 416 1940 hora
446 1898 515 1940 die
547 1898 624 1948 bis,
655 1912 801 1939 mense
833 1897 924 1939 dies
954 1897 1096 1947 semel,
1129 1912 1240 1938 unus
1270 1897 1316 1938 in
1347 1911 1458 1938 anno

312 1966 473 2008 mensis
504 1972 549 2008 et
580 1966 740 2007 exactis
772 1966 836 2007 bis
867 1980 940 2007 sex
972 1965 1058 2006 iam
1089 1965 1248 2006 solibus
1279 1979 1424 2006 annus.

226 2045 343 2095 haec,
365 2052 415 2087 ut
435 2045 566 2100 uulgo
588 2045 969 2101 interpunguntur‚
993 2059 1117 2086 sensu
1141 2051 1297 2086 carent.
1358 2059 1456 2084 nam
1486 2058 1581 2084 cum
1606 2054 1675 2084 XII

138 2115 262 2171 signa
289 2115 388 2163 sint,
412 2114 478 2156 bis
507 2115 575 2167 (ut
601 2114 709 2155 duce
733 2114 910 2154 Manilio
932 2128 1159 2154 numerum
1183 2127 1349 2167 ponam,
1371 2118 1512 2167 partes
1534 2112 1676 2167 negle-

138 2186 258 2240 gam)
289 2184 472 2241 singulis
502 2183 723 2225 mensibus
756 2182 809 2224 ad
847 2183 959 2224 idem
998 2182 1164 2223 reditur
1199 2185 1393 2222 astrum&
1456 2195 1585 2235 quare
1619 2180 1677 2221 sic

142 2253 297 2295 melius
318 2252 588 2294 distinxeris:

810 2308 934 2350 uenit
964 2307 1103 2349 omnis
1138 2307 1191 2348 ad
1228 2312 1391 2348 astrum

315 2377 422 2420 hora
454 2377 524 2419 die
561 2377 638 2427 bis,
674 2391 821 2419 mense
857 2376 960 2426 dies,
996 2375 1128 2417 semel
1159 2388 1272 2416 unus
1304 2374 1349 2415 in
1382 2388 1493 2415 anno

317 2446 487 2488 mensis.

230 2542 339 2570 unus
369 2526 667 2582 neglegentius
699 2526 863 2568 dictum
900 2540 976 2580 pro
1011 2524 1237 2579 ‘singulis'
1274 2528 1324 2564 ut
1359 2522 1473 2578 apud
1510 2522 1680 2562 Liuium

144 2597 278 2640 etiam
305 2607 359 2637 ΙΙΙ
387 2598 452 2638 13.
483 2598 520 2644 8,
551 2606 640 2636 VIII
669 2597 705 2637 8.
740 2597 777 2644 4,
810 2594 871 2636 sic
904 2593 1019 2648 apud
1054 2592 1276 2636 Catullum
1310 2593 1390 2632 113
1420 2591 1492 2631 ubi
1527 2591 1683 2630 frustra

144 2666 474 2709 tumultuantur
509 2669 868 2706 commentatores
895 2662 1099 2705 ‘Consule
1133 2661 1336 2716 Pompeio
1370 2660 1556 2714 primum
1587 2658 1683 2708 duo,

146 2735 297 2784 Cinna,
319 2733 513 2776 solebant
539 2732 543 2788 Ι
573 2732 817 2773 Mucillam:
843 2732 953 2772 facto
975 2730 1147 2771 consule
1171 2743 1283 2770 nunc
1301 2729 1455 2769 iterum
1483 2726 1488 2779 Ι
1518 2740 1683 2767 manse-

146 2810 249 2848 runt
265 2804 351 2845 duo
367 2803 441 2844 sed
458 2807 688 2844 creuerunt
705 2800 824 2842 milia
840 2801 884 2841 in
901 2814 1035 2840 unum
1053 2802 1056 2853 l
1072 2797 1252 2852 singula.
1294 2795 1521 2837 fecundum
1539 2809 1683 2836 semen

465 2908 476 2930 ¹
500 2917 621 2942 uerum
638 2906 728 2939 uidit
744 2905 996 2949 Delphinianae
1012 2902 1175 2936 editionis
1191 2902 1367 2944 interpr-ee.
