1966 3329
248 209 298 247 30
743 211 802 249 SI
800 212 832 249 L
844 212 903 250 VA
948 212 1022 249 MA
1032 212 1102 249 NI
1101 212 1134 250 L
1140 211 1164 248 I
1163 212 1194 249 A
1201 211 1288 249 NA.

245 330 459 373 adulterio
476 331 500 373 1’
528 331 607 374 hoc
638 337 713 382 est,
735 332 800 373 ‘in
833 332 1023 387 singulos
1052 332 1222 387 singula
1250 331 1371 373 milia
1399 329 1696 373 accreuerunt'
1718 329 1787 370 uel

245 401 280 441 si
303 401 438 451 malis,
461 416 545 442 11011
568 402 653 443 iam
678 414 711 442 ΙΙ
735 402 807 443 sed
830 414 899 443 MM
923 402 1105 443 adulteri
1131 407 1242 443 sunt.

334 509 387 538 111
421 499 646 541 590—617

363 585 397 626 si
429 585 539 626 bene
561 584 804 625 constiterit
835 583 973 638 primo
1005 583 1083 624 sub
1115 583 1287 624 cardine
1319 583 1433 632 luna,
1707 582 1791 622 590

363 670 449 709 qua
478 654 590 695 redit
622 654 665 694 in
699 659 832 694 terras
864 652 1063 701 munduS,
1095 666 1358 706 nascensque
1391 651 1560 693 tenebit

364 729 572 771 exortum,
604 729 776 763 octonos
809 721 948 762 decies
979 721 1162 761 ducetur
1193 721 1237 760 in
1268 735 1414 770 annos,

362 793 395 833 si
428 793 512 834 duo
544 792 765 833 decedant.
827 802 872 832 at
904 806 1000 832 cum
1036 791 1115 831 sub
1147 790 1334 831 culmine
1366 805 1533 831 summo

364 861 578 908 consistet,
610 860 750 901 tribus
781 859 849 900 hic
881 873 1086 900 numerus
1118 858 1390 899 fraudabitur
1420 858 1555 900 annis.

363 929 428 970 bis
460 928 746 984 quadragenis
779 942 949 969 occasus
981 927 1103 968 diues
1135 927 1178 967 in
1210 932 1332 967 actus
1710 927 1791 968 595

363 998 461 1039 solis
494 1003 597 1047 erat,
629 1012 809 1038 numero
841 996 923 1037 nisi
956 996 1124 1037 deesset
1157 995 1366 1051 olympias
1400 1011 1510 1047 una;

365 1067 537 1122 imaque
570 1066 754 1107 tricenos
786 1066 850 1106 bis
882 1065 1167 1106 fundamenta
1199 1079 1275 1119 per
1305 1079 1439 1105 annos

365 1143 604 1186 censentur,
635 1136 700 1177 bis
732 1150 804 1177 sex
836 1134 1014 1176 adiectis
1046 1134 1264 1176 mensibus
1295 1149 1412 1176 aeuo.

366 1204 566 1259 quodque
597 1204 715 1258 prius
747 1209 899 1244 natum
932 1202 1064 1244 fuerit
1095 1202 1382 1257 dextrumque
1414 1201 1646 1257 trigonum,

366 1273 444 1314 hoc
476 1287 709 1328 sexagenos
742 1271 897 1313 tribuit
928 1271 1208 1326 duplicatque
1241 1277 1495 1326 quaternos3
1710 1273 1795 1313 600

365 1342 476 1397 quod
510 1342 640 1383 fuerit
672 1341 857 1390 laeuum,
892 1341 1169 1395 praelataque
1202 1340 1325 1396 signa
1356 1346 1572 1396 sequetur,

366 1411 551 1452 tricenos
582 1425 716 1451 annos
748 1410 952 1465 duplicat,
985 1410 1062 1450 tris
1093 1410 1269 1465 insuper
1300 1409 1431 1451 addit.

366 1495 561 1535 quaeque
593 1494 721 1533 super
752 1479 924 1535 signum
959 1493 1134 1520 nascens
1166 1493 1191 1519 a
1222 1478 1394 1519 cardine
1427 1479 1615 1533 primum

368 1549 497 1590 tertia
527 1549 662 1589 forma
693 1554 758 1589 est
789 1555 833 1589 et
865 1562 1032 1589 summo
1063 1547 1149 1588 iam
1182 1547 1375 1602 proxima
1406 1547 1533 1597 caelo,

366 1618 471 1658 haec
502 1622 568 1658 ter
598 1617 772 1658 uicenos
802 1616 1010 1673 geminat,
1041 1616 1118 1656 tris
1150 1615 1364 1657 abstrahit
1396 1630 1540 1657 annos
1712 1618 1794 1658 605

368 1701 564 1741 quaeque
597 1685 707 1726 infra
738 1685 899 1734 ueniet,
933 1685 1072 1740 spatio
1105 1684 1245 1725 diuisa
1277 1684 1357 1726 sub
1389 1699 1538 1739 aequo,

368 1769 444 1809 per
474 1755 797 1809 quinquagenas
829 1753 1015 1808 complet
1047 1768 1124 1793 sua
1154 1767 1335 1794 munera
1365 1753 1549 1794 brumas,

369 1838 585 1879 quemque
618 1823 756 1864 locum
789 1828 963 1878 superat
995 1837 1173 1863 nascens
1205 1823 1466 1877 horoscopos,
1497 1822 1569 1864 ille

369 1892 481 1933 dena
511 1898 665 1947 quater
695 1897 869 1933 reuocat
900 1890 1111 1933 uertentis
1142 1897 1338 1946 tempora
1368 1891 1479 1941 solis,

369 1960 704 2015 adcumulatque
736 1959 843 2000 duos
874 1974 1032 2009 cursus,
1064 1959 1354 2014 iuuenemque
1386 1959 1603 2014 relinquit.
1714 1961 1798 2002 610

369 2035 414 2070 at
445 2029 519 2084 qui
551 2028 770 2084 praecedit
802 2028 1016 2083 surgentis
1047 2027 1231 2069 cardinis
1262 2028 1422 2078 horam,

370 2098 544 2139 uicenos
574 2103 804 2152 ternosque
837 2097 957 2137 dabit
988 2096 1263 2137 nascentibus
1294 2111 1439 2146 annos,

372 2167 443 2207 uix
477 2167 751 2223 degustatam
785 2166 956 2221 rapiens
988 2165 1067 2206 sub
1100 2165 1202 2207 flore
1233 2166 1471 2208 iuuentam.

371 2236 486 2292 quod
517 2251 644 2291 super
676 2251 848 2277 occasus
881 2236 1091 2290 templum
1125 2240 1201 2285 est,
1233 2235 1311 2276 hoc
1342 2235 1455 2277 dena
1484 2236 1672 2278 remittit

371 2319 579 2345 annorum
613 2304 764 2359 spatia,
795 2309 840 2345 et
871 2304 1097 2344 decumam
1128 2303 1267 2344 tribus
1298 2303 1488 2358 applicat
1520 2304 1666 2346 auctis.
1715 2307 1797 2347 615

372 2374 549 2415 inferius
580 2389 763 2428 puerum
795 2373 1029 2422 interimet,
1059 2373 1126 2414 bis
1158 2387 1317 2428 sexque
1348 2373 1510 2427 peracti

373 2444 607 2484 immatura
638 2444 813 2484 trahent
844 2442 1009 2483 natales
1040 2457 1213 2497 corpora
1243 2442 1382 2483 morti.

345 2550 546 2577 numeros
575 2534 704 2576 huius
733 2533 814 2575 loci
845 2532 1087 2574 accuratius
1116 2533 1290 2588 quidem
1318 2539 1598 2588 perpensatos
1620 2540 1734 2576 recte
1756 2549 1800 2576 se

258 2607 414 2648 habere
456 2621 594 2655 nemo,
634 2610 685 2647 ut
725 2604 886 2659 opinor,
926 2617 1183 2658 magnopere
1217 2602 1412 2643 confidet.
1475 2608 1524 2643 ut
1556 2603 1610 2644 ab
1638 2604 1802 2646 ultimis

259 2675 474 2730 incipiam,
507 2674 720 2728 templum
748 2673 862 2728 quod
896 2687 1025 2727 super
1058 2686 1230 2713 occasus
1261 2676 1337 2721 est,
1367 2682 1456 2712 XIII
1485 2686 1618 2713 annos
1645 2674 1802 2715 aetatis

260 2743 535 2786 nascentibus
565 2742 755 2782 tribuere
784 2741 942 2782 dicitur
972 2741 1030 2794 (u.
1055 2740 1180 2793 615):
1213 2739 1318 2794 quid
1347 2739 1452 2780 illud
1484 2740 1598 2794 quod
1623 2740 1802 2784 inferius

261 2815 355 2854 est?
415 2810 641 2867 ‘puerum'
677 2810 821 2866 inquit
853 2809 1124 2859 ‘interimet,'
1151 2808 1265 2864 quod
1298 2808 1460 2850 scilicet
1491 2810 1686 2864 superius
1717 2826 1802 2853 non

261 2882 374 2932 fecit,
396 2887 440 2923 et
461 2891 531 2921 XII
552 2880 675 2921 annis
696 2879 880 2936 peractis
901 2878 955 2920 ad
976 2884 1157 2921 mortem
1175 2877 1328 2919 trahet.
1389 2877 1480 2928 hoc,
1496 2892 1664 2932 quaeso,
1677 2881 1804 2936 quale
