1981 3334
711 757 937 806 OAPVT
985 758 1080 805 III.

129 921 208 964 DE
241 922 649 965 MATRITENSIS
683 923 926 966 CODICIS
959 924 1175 966 PRETIO
1210 924 1280 965 ET
1315 925 1394 965 DE
1424 925 1664 976 QVIBVS-

197 991 331 1034 DAM
363 992 847 1035 MANILIANORVM
880 992 1154 1036 CODICVM
1187 993 1606 1036 CORRVPTELIS.

215 1137 367 1178 Restat
398 1144 446 1178 ut
478 1151 615 1192 pauca
646 1137 785 1178 dicam
818 1136 870 1177 de
903 1136 1047 1177 codice
1080 1137 1325 1178 Matritensi
1362 1151 1490 1192 quem
1528 1151 1665 1191 nuper

129 1205 302 1247 Ellisius
323 1206 513 1261 repperit
536 1205 714 1261 eiusque
738 1206 970 1246 lectionum
989 1220 1210 1247 excussam
1230 1206 1485 1248 uarietatem
1502 1205 1664 1262 publici

127 1275 232 1317 iuris
265 1276 366 1317 fecit
397 1275 603 1318 Classical
638 1276 805 1317 Reen'ew
834 1275 962 1316 tomis
997 1286 1064 1316 VII
1099 1284 1142 1317 et
1178 1287 1274 1317 VIII.
1337 1276 1380 1316 in
1416 1276 1660 1317 uniuersum

129 1350 244 1387 recte
270 1344 342 1386 ille
364 1352 409 1386 et
430 1345 483 1386 de
505 1345 589 1386 fide
619 1345 843 1400 pretioque
873 1344 1029 1385 codicis
1058 1352 1102 1386 et
1129 1345 1182 1385 de
1211 1345 1303 1385 eius
1331 1360 1428 1385 cuin
1462 1345 1664 1386 Vossiano

129 1413 263 1456 altero
284 1414 540 1470 cognatione
564 1414 737 1455 uidetur
758 1414 976 1455 iudicasse.
1030 1420 1208 1468 uterque
1231 1413 1346 1454 enim
1369 1413 1513 1468 procul
1535 1412 1665 1454 dnbio

127 1483 182 1524 ab
203 1483 353 1524 eodem
375 1483 497 1538 quasi
520 1485 636 1524 fonte
660 1482 875 1538 profluxit,
893 1483 1006 1523 unde
1031 1482 1223 1523 ueritatis
1242 1483 1284 1522 in
1303 1490 1483 1536 utroque
1501 1481 1665 1536 aliquot

131 1553 315 1608 uestigia
343 1560 516 1594 seruata
544 1558 645 1593 sunt
675 1567 784 1607 quae
815 1568 866 1593 ex
896 1552 1048 1593 ceteris
1079 1551 1294 1592 codicibus
1325 1551 1554 1606 perierunt.
1616 1558 1665 1591 ut

128 1637 227 1663 cum
248 1621 455 1664 Vossiano
479 1622 678 1671 multum,
699 1622 761 1663 ita
783 1636 858 1677 per
879 1636 923 1662 se
947 1621 1060 1662 haud
1083 1621 1308 1661 minimum
1334 1621 1458 1661 ualet.
1522 1619 1664 1661 lectio-

130 1706 207 1734 nes
228 1691 321 1733 eius
342 1692 526 1747 optimas
548 1692 590 1733 in
616 1692 908 1734 Hermathena
929 1698 957 1732 t.
982 1702 1078 1732 VIII.
1106 1705 1174 1746 pp.
1204 1691 1286 1731 270
1316 1705 1428 1746 seqq.
1456 1690 1541 1731 iam
1567 1705 1663 1730 con-

129 1760 263 1816 gessit
296 1760 480 1809 Ellisius,
510 1760 649 1815 deque
681 1760 732 1800 iis
765 1759 872 1800 nihil
905 1774 1010 1815 opus
1042 1760 1199 1800 iteruin
1236 1758 1449 1800 disserere.
1512 1758 1585 1799 sed
1621 1758 1665 1798 in

132 1830 319 1872 eundem
342 1844 567 1871 numerum
591 1829 720 1870 etiam
744 1829 853 1870 aliae
884 1828 1038 1884 dignae
1067 1835 1170 1869 sunt
1198 1842 1306 1883 quae
1334 1828 1595 1882 recipiantur
1622 1834 1667 1869 et

131 1913 207 1955 pro
242 1899 491 1940 Manilianis
527 1898 675 1940 haberi
709 1899 883 1953 possint.
959 1898 1035 1939 has
1069 1898 1178 1939 infra
1211 1898 1547 1939 subnotauimus.
1613 1897 1665 1938 ad

131 1984 220 2010 rem
243 1967 614 2024 orthographicam
638 1968 870 2008 maximam
892 1973 1059 2022 partem
1082 1974 1289 2022 spectant.

220 2071 235 2101 1
270 2062 351 2102 138
383 2074 504 2101 ‘umor
586 2060 663 2099 141
707 2058 853 2100 timida
935 2060 1017 2099 210
1053 2058 1166 2112 iynis
1255 2059 1337 2099 216
1375 2063 1534 2113 οαηορό
1569 2057 1607 2098 h.
1630 2073 1663 2098 e.

131 2144 319 2185 οαηοροη
390 2131 473 2171 323
496 2128 750 2170 monimenta
771 2128 947 2168 fortasse
970 2133 1084 2167 recte
1156 2129 1240 2168 390
1266 2141 1425 2168 anteros
1499 2128 1579 2167 421
1601 2127 1666 2182 yi-

128 2205 284 2254 9antas
356 2200 439 2240 426
470 2198 690 2253 admessos
717 2212 793 2252 pro
823 2197 1014 2251 adyestos
1041 2197 1247 2251 (asfyestos
1275 2196 1426 2248 ceteri)
1448 2201 1490 2236 et
1511 2195 1668 2236 similia

132 2267 302 2324 passim,
316 2268 493 2308 fortasse
510 2274 625 2308 recte
687 2268 770 2308 440
791 2266 973 2321 inqentis
1034 2268 1116 2306 502
1138 2265 1290 2308 Arctos
1306 2265 1511 2320 scriptum
1530 2266 1668 2306 fuerat

135 2339 219 2380 594
243 2337 389 2394 partis
451 2339 532 2379 596
561 2337 772 2392 siynoentis
832 2336 912 2378 647
944 2336 994 2378 ab
1022 2336 1115 2389 igyni
1176 2335 1257 2378 675
1289 2336 1413 2377 terris
1445 2335 1558 2376 unde
1591 2332 1668 2377 tris

132 2422 207 2464 pro
228 2407 308 2450 tris
328 2407 481 2448 elicias.
544 2422 564 2449 e
593 2421 721 2462 supra
745 2406 953 2461 scriptum
980 2421 1076 2447 cum
1109 2407 1114 2420 '
1146 2406 1183 2447 l1.
1201 2420 1234 2447 e.
1257 2420 1302 2448 er
1329 2406 1550 2446 confusum
1581 2411 1670 2455 est;

133 2476 183 2518 cf.
211 2475 420 2518 adnotata
450 2476 504 2517 ad
537 2487 590 2517 111
624 2477 707 2517 324·
740 2491 796 2531 sq.
820 2490 951 2531 supra
1011 2474 1090 2517 687
1126 2475 1303 2517 oblicum
1377 2476 1458 2516 743
1489 2474 1670 2516 errantis

136 2544 217 2588 749
235 2545 467 2601 referencict
484 2545 740 2596 (reserantia
756 2545 899 2600 uulgo,
916 2543 1029 2599 quod
1046 2558 1170 2584 sensu
1189 2545 1373 2595 cassum)
1425 2542 1503 2583 771
1524 2543 1671 2584 mentis

135 2616 218 2656 866
244 2615 357 2670 iynis
431 2616 514 2656 882
537 2614 734 2656 Labentis
794 2614 875 2655 887
907 2613 1062 2656 medice
1088 2612 1126 2654 h.
1150 2627 1183 2654 e.
1205 2612 1390 2654 <medicae
1412 2611 1590 2666 optime;
1620 2611 1669 2652 cf.

136 2682 372 2739 Lipsiensis
394 2682 564 2724 indicia..

225 2763 259 2793 ΙΙ
292 2755 346 2795 68
377 2753 557 2808 inposito
617 2754 666 2794 cf.
700 2755 752 2795 65
791 2753 945 2806 inriyet
981 2755 1035 2793 89
1072 2752 1249 2793 inmittit
1286 2758 1327 2791 et
1359 2750 1515 2791 similia
1545 2765 1668 2804 saepe

140 2824 220 2864 182
243 2823 287 2864 Ε
311 2838 387 2879 pro
408 2823 467 2865 Et
488 2823 601 2878 quod
623 2823 753 2864 ceteri
816 2824 897 2864 246
920 2823 1195 2877 arquitenens,
1217 2822 1274 2862 sic
1303 2820 1432 2861 etiam
1466 2822 1560 2869 408,
1588 2822 1669 2861 523

137 2903 186 2933 IV
230 2894 325 2942 560,
367 2893 450 2934 708
493 2904 521 2933 V
565 2894 661 2941 358,
701 2895 808 2942 :3653
859 2892 908 2932 cf.
952 2891 998 2931 R.
1042 2891 1226 2944 Georges
1270 2889 1447 2930 Lea-ileon
1498 2889 1536 2929 d.
1578 2889 1670 2931 Lat.
