1981 3334
597 232 651 269 ,sl
655 233 684 269 L
697 232 753 269 1⁷11
802 232 876 269 MA
888 232 955 269 NI
958 233 986 269 L
995 233 1045 269 [Α
1057 233 1123 269 ΝΛ
1135 266 1140 271 .
1590 238 1608 272 4
1617 238 1637 268 Γ)

189 362 216 390 v
250 354 304 394 53
327 368 385 407 sq.

301 437 584 493 Actiacosque
616 438 734 478 sinus
767 437 880 478 iuter
911 452 1143 491 suspensus
1176 438 1393 493 utrimque

302 505 425 552 orbis,
458 513 499 546 ct
534 505 576 546 in
610 512 740 560 ponto
771 505 879 546 caeli
911 506 1082 545 fortuna
1117 505 1295 547 natabit.

187 605 261 647 ubi
295 606 400 647 mire
434 621 535 648 sane
570 621 646 662 pro
679 607 898 647 ‘fortuna'
928 606 1252 648 Gemblaconsis
1280 622 1425 649 secura
1448 613 1641 654 testatur,

99 673 213 729 quod
235 675 410 730 quidem
439 690 488 716 ex
520 681 685 718 rectura
718 675 892 716 uidetur
920 675 1198 731 profluxisse;
1237 677 1380 717 confer
1409 676 1460 717 dc
1494 676 1639 717 eodem

99 743 277 785 Actiaco
305 744 463 800 proelio
494 756 507 785 1
539 746 620 786 915
644 760 702 800 Sq.
728 746 1020 800 ‘repetitaque
1051 760 1191 786 rerum
1221 745 1225 800 Ι
1255 745 1347 785 aloa
1375 751 1418 786 et
1447 745 1488 786 in
1514 754 1643 800 ponto

99 813 321 868 quaesitus
342 819 476 856 rector
499 813 692 869 Olympij
744 814 818 856 sed
848 821 961 855 recte
985 829 1037 854 an
1061 828 1193 863 secus,
1217 814 1407 855 dubium.
1457 814 1642 870 fortuna

100 887 214 923 certe
237 881 345 922 nihil
367 881 499 923 habet
521 881 635 937 quod
657 881 858 923 offendat.

189 993 219 1023 v
245 984 327 1025 132
349 998 436 1039 sqq.

972 1052 1046 1093 illa
1078 1052 1265 1093 Tonanti

306 1121 588 1163 fundamenta
618 1121 739 1162 dedit
769 1128 1006 1176 pectusque
1038 1121 1239 1176 impleuit
1270 1121 1430 1163 hiantis

305 1190 414 1231 lacte
446 1204 533 1239 suo,
566 1189 684 1231 dedit
716 1197 760 1232 et
791 1190 943 1245 dignas
975 1190 1028 1231 ad
1061 1190 1243 1231 fulmina
1275 1191 1398 1232 uires.

189 1292 271 1334 nisi
313 1292 506 1335 Breitero
548 1292 694 1334 credas
735 1293 777 1334 in
817 1293 955 1349 priore
993 1308 1119 1335 uersu
1171 1294 1350 1336 tonantii
1400 1293 1642 1348 legendum,

102 1362 217 1418 quod
258 1367 408 1418 postea
449 1362 623 1403 demum
667 1362 810 1403 uerbis
851 1362 1193 1404 ‘dedit—uires'
1245 1363 1452 1418 expressit
1505 1369 1642 1418 poeta,

91 1430 381 1488 fundamenta
407 1446 482 1486 pro
512 1431 729 1472 alimentis
750 1431 1000 1486 accipienda
1021 1438 1135 1479 sunt,
1157 1431 1270 1486 quod
1294 1438 1415 1472 uetat
1437 1432 1642 1472 sermonis

103 1499 250 1541 Latini
299 1500 575 1541 consuetudo.
651 1499 968 1541 ‘nutrimenta'
1015 1514 1039 1540 a
1084 1500 1242 1541 litteris
1291 1500 1460 1555 longius
1509 1499 1642 1548 abest,

102 1569 279 1626 propius
295 1569 581 1625 fuLOImenta.
644 1575 746 1610 nota
773 1569 816 1610 in
839 1584 884 1610 re
911 1569 988 1610 tali
1017 1569 1212 1611 ‘fulcire'
1241 1575 1291 1611 ut
1314 1569 1433 1611 Lucr.
1458 1571 1494 1611 2.
1519 1571 1642 1617 1141,

104 1638 312 1680 ‘fultura'
335 1638 437 1679 Hor.
460 1638 591 1679 Serm.
623 1649 658 1678 ΙΙ
687 1639 723 1680 3.
751 1640 844 1686 154,
867 1652 977 1679 neue
998 1638 1259 1693 fulcimenta,
1280 1638 1447 1679 serioris
1469 1644 1639 1678 tantum

104 1708 354 1750 Latinitatis
405 1722 494 1749 esse
537 1707 795 1748 uocabulum
838 1707 1070 1755 existimes,
1112 1707 1227 1762 apud
1270 1706 1479 1748 Ouidium
1523 1713 1642 1747 extat

102 1777 356 1819 ‘fulcimen'
387 1776 501 1832 quod
532 1776 659 1832 plane
690 1776 924 1830 gemellum
957 1782 1032 1817 est.

192 1884 222 1913 v
257 1874 336 1915 135

305 1959 407 2000 hinc
437 1958 547 2001 fidae
579 1964 746 2000 mentes
778 1957 1145 2012 tremebundaque
1177 1957 1302 1998 corda
1331 1964 1529 1999 creantur

192 2057 319 2113 ‘fidae
348 2058 531 2099 mentes'
563 2057 789 2099 absurdius
822 2063 911 2098 est:
954 2056 1151 2111 sequitur
1182 2056 1295 2097 enim
1333 2055 1643 2097 ‘tremebunda

104 2126 241 2175 corda,
264 2141 472 2182 suspensa
499 2126 551 2167 ad
580 2126 786 2182 strepitus
810 2125 1064 2180 leuibusque
1087 2124 1270 2165 obnoxia
1291 2125 1449 2165 causis?
1510 2124 1643 2166 scribe

104 2196 280 2252 INfidae.
344 2211 369 2236 a
390 2197 510 2251 fidae
537 2196 789 2237 distractum
821 2195 867 2235 in
895 2194 939 2235 in
962 2195 1058 2236 hinc
1089 2194 1223 2244 abiit3
1256 2194 1314 2234 sic
1343 2193 1457 2248 apud
1484 2193 1604 2249 Prop.
1629 2205 1642 2234 1

107 2267 171 2308 20.
198 2267 250 2306 12
277 2263 600 2320 ‘Euhydriasin’
623 2265 651 2314 (‘
668 2263 984 2318 Hamadryasin
1001 2263 1028 2316 ³)
1056 2263 1099 2303 in
1124 2262 1355 2303 ‘amadrias
1383 2262 1504 2303 hinc'
1533 2268 1577 2303 et
1610 2273 1642 2302 ΙΙ

107 2336 174 2378 29.
197 2334 247 2375 27
272 2339 280 2354 ‘
295 2333 505 2375 intactae’
528 2333 572 2374 in
595 2338 603 2353 ‘
618 2333 716 2374 hinc
738 2332 901 2374 castae'
925 2332 1210 2387 deprauatum
1235 2338 1309 2373 est.

192 2449 223 2478 V
256 2439 339 2479 180
361 2452 449 2492 sqq.

308 2528 353 2564 et
382 2521 628 2578 Calydonea
659 2521 891 2562 bellantem
924 2535 1028 2576 rupe
1062 2520 1248 2575 puellam

307 2591 641 2646 uincentemque
674 2590 787 2632 uiros
819 2597 862 2631 et
893 2605 1021 2645 quam
1055 2590 1243 2645 potuisse
1275 2589 1420 2630 uidere

307 2660 475 2716 uirgine
506 2660 645 2701 maius
676 2666 779 2710 erat,
811 2665 1074 2701 sternentem
1107 2658 1285 2700 uulnere
1318 2658 1452 2713 primo

192 2778 331 2819 quam.
390 2763 522 2804 immo
546 2774 685 2812 QVEM.
747 2777 849 2817 aper
870 2762 984 2803 enim
1008 2767 1112 2810 erat,
1131 2775 1183 2802 ne
1205 2760 1343 2801 dicam
1366 2759 1418 2800 de
1440 2758 1644 2800 feminino

105 2846 261 2888 genere
282 2831 578 2874 inconcinnius
599 2838 643 2873 et
665 2830 950 2885 subambigue
972 2829 1040 2870 hic
1063 2834 1280 2884 usurpato.
1341 2842 1468 2882 quam
1490 2826 1644 2867 Iacobo

107 2914 280 2957 quoque
301 2899 532 2958 displicuit.
