1966 3329
291 225 341 264 50
787 223 876 262 SIL
890 224 949 262 VA
993 223 1334 261 MANJLJANA.

290 361 428 388 mores
457 346 804 403 depingerentur.
868 346 946 387 hoc
978 346 1109 387 semel
1148 345 1312 386 monito
1348 343 1452 385 satis
1486 342 1655 399 patebit
1687 355 1837 384 uersus

290 415 351 457 sic
373 430 469 457 cum
494 415 708 471 prioribus
729 414 976 455 cohaerere:

467 508 571 562 quin
604 507 735 548 etiam
767 521 889 547 curas
920 505 1034 546 inter
1065 511 1229 546 secreta
1259 505 1462 553 monebit,

467 575 658 616 carmina
689 574 849 615 furtiuo
881 573 1129 614 modulatus
1161 587 1378 614 murmure
1411 587 1558 614 uocem

467 645 579 686 solus
611 650 654 685 et
687 644 777 698 ipse
809 658 907 684 suas
938 657 1108 698 semper
1138 642 1330 683 cantabit
1362 642 1416 683 ad
1448 641 1574 690 auris,

466 714 525 754 sic
556 713 749 753 dictante
782 711 894 766 Lyra
925 726 1035 766 quae
1067 725 1226 751 cornua
1257 710 1376 751 ducit
1409 709 1461 750 ad
1494 716 1617 750 astra.

526 780 758 825 Chelarum
791 786 937 835 surget
969 795 1065 821 cum
1099 794 1195 835 pars
1227 780 1432 821 uicesima
1463 785 1595 829 sexta,

669 850 693 875 ÷1÷
989 848 1012 872 x·
1307 848 1330 872 er

379 937 410 966 v
442 927 526 967 353

466 1010 542 1045 aut
573 1003 769 1045 onerabit
802 1017 933 1058 equos
964 1002 1093 1044 armis
1125 1008 1201 1043 aut
1233 1002 1362 1043 ducet
1393 1001 1439 1042 in
1471 1016 1598 1043 arma.

380 1090 485 1131 haec
516 1104 626 1144 quae
658 1089 763 1130 uiris
795 1088 932 1130 doctis
965 1088 1118 1129 merito
1150 1087 1418 1142 displicuere,
1453 1087 1635 1128 duarum
1670 1087 1838 1128 litteru-

292 1160 431 1200 larum
453 1160 567 1200 inter
596 1173 639 1199 se
669 1158 854 1199 transitu
886 1157 1105 1198 emendari
1133 1162 1348 1212 poterunt.
1412 1162 1486 1197 aut
1513 1156 1701 1198 onerabit
1721 1167 1840 1211 equls

293 1240 438 1270 armos
446 1244 460 1278 ;
491 1229 634 1269 confer
658 1227 815 1268 Horati
838 1227 971 1268 uerba
991 1226 1125 1268 Serm.
1144 1237 1159 1266 1
1184 1228 1219 1267 6.
1241 1227 1323 1267 104
1346 1226 1558 1267 ‘mantica
1580 1226 1649 1266 cui
1672 1224 1839 1266 lumbos

279 1313 412 1358 *onere
432 1297 595 1338 ulceret
617 1303 748 1351 atque
771 1311 891 1352 eques
913 1297 1077 1338 armos)

379 1401 411 1431 V
442 1391 526 1432 439
549 1404 637 1445 sqq.

437 1469 694 1511 adnumeres
725 1470 856 1511 etiam
887 1469 962 1510 illa
992 1468 1093 1510 licet
1125 1474 1308 1524 cognata
1339 1483 1413 1523 per
1443 1474 1580 1509 artem

438 1554 611 1595 corpora
641 1554 752 1594 quae
784 1539 928 1580 ualido
960 1539 1121 1580 saliunt
1153 1553 1330 1580 excussa
1360 1544 1540 1593 petauro
1754 1537 1839 1578 440

438 1609 711 1664 alternosque
743 1609 859 1650 cient
891 1614 1032 1649 motus
1065 1608 1233 1649 delatus
1265 1614 1309 1649 et
1339 1607 1412 1648 ille

438 1693 553 1720 nunc
584 1679 695 1720 iacet
727 1684 857 1733 atque
890 1677 1019 1718 huius
1051 1692 1149 1718 casu
1183 1677 1463 1732 suspenditur
1493 1676 1577 1718 ille.

440 1748 688 1789 membraue
719 1762 795 1802 per
826 1747 1021 1788 flammas
1053 1747 1259 1802 orbesque
1291 1746 1445 1788 emissa
1476 1745 1699 1802 flagrantis

440 1816 629 1857 molliter
659 1822 709 1856 ut
741 1816 916 1871 liquidis
948 1831 1023 1871 per
1054 1815 1236 1856 humum
1270 1820 1492 1870 ponuntur
1522 1814 1567 1855 in
1600 1814 1726 1855 undis

440 1885 780 1940 delphinumque
813 1899 910 1925 suos
941 1899 1017 1939 per
1048 1885 1174 1925 inane
1207 1883 1407 1924 natantia
1438 1889 1581 1924 motus
1756 1884 1838 1924 445

440 1960 483 1994 et
514 1952 696 1994 uiduata
726 1952 875 1993 uolant
907 1953 1060 2007 pennis
1091 1957 1135 1993 et
1167 1952 1211 1992 in
1243 1967 1338 1993 aere
1370 1951 1539 1993 ludunt.

382 2038 427 2080 in
460 2054 498 2080 u.
527 2040 611 2079 442
645 2053 720 2093 pro
753 2053 862 2080 mmo
899 2037 1222 2079 Gemblacensis
1258 2037 1348 2087 huc,
1384 2038 1618 2079 Vossianus
1653 2037 1764 2079 alter
1799 2043 1843 2079 et

296 2106 564 2149 Matritensis
592 2106 700 2148 hunc
725 2106 898 2148 habent.
953 2106 1146 2161 postulat
1174 2106 1284 2148 ratio
1307 2113 1356 2148 ut
1378 2107 1480 2149 leIc
1502 2106 1722 2149 scribatur.
1784 2106 1843 2148 sic

295 2178 457 2233 optime
480 2177 593 2218 inter
614 2192 658 2218 se
681 2176 1003 2231 respondebunt
1025 2176 1267 2218 sententiae
1290 2176 1424 2218 totius
1446 2183 1598 2232 partes.

384 2262 483 2288 mox
511 2247 557 2288 in
583 2248 666 2287 445
690 2246 802 2301 quod
834 2246 1029 2302 Scaliger
1056 2246 1240 2287 coniecit
1260 2245 1843 2288 ‘suo—imitantia—motu'

298 2316 427 2358 nimis
464 2316 603 2356 multa
639 2316 867 2366 immutat;
911 2314 1066 2356 melius
1103 2314 1279 2356 Ellisius
1313 2314 1556 2356 ‘notantia'
1616 2314 1690 2356 sed
1723 2328 1844 2370 prae-

297 2385 526 2427 teruidisse
558 2390 793 2439 utrumque
825 2384 1016 2439 suspicor
1048 2383 1350 2439 ‘delphinum’
1383 2399 1458 2438 pro
1488 2383 1693 2439 genetiuo
1723 2397 1844 2438 posse

297 2453 457 2508 accipi3
489 2457 632 2494 cetera
661 2452 719 2493 sic
751 2451 1049 2493 emendaueris
1081 2452 1469 2494 onos—Rotantia.
1520 2454 1845 2508 κυβιστητῆρες

297 2521 343 2563 hi
364 2526 373 2542 ‘
388 2521 642 2576 delphinum
670 2520 837 2561 ueloces
859 2535 934 2575 per
954 2535 1079 2561 auras
1101 2520 1236 2561 saltus
1261 2519 1441 2561 rotando
1463 2520 1713 2575 exprimunt
1728 2520 1761 2572 ’3
1794 2521 1843 2562 cf.

299 2591 449 2633 Nonni
485 2590 661 2644 Dionys.
694 2601 748 2630 ΙΙΙ
782 2591 846 2631 26.
908 2589 984 2632 cito
1016 2595 1130 2631 motu
1160 2595 1305 2630 noster
1341 2589 1451 2630 dixit
1486 2600 1517 2629 V
1556 2591 1638 2631 163
1670 2595 1714 2631 et
1744 2589 1846 2632 citos

298 2661 405 2703 ictus
423 2660 662 2715 ylomerare
682 2659 735 2700 ib.
762 2658 854 2701 167.

387 2757 417 2787 V
449 2748 532 2787 459
555 2760 643 2800 sqq.

414 2827 519 2882 quin
551 2828 682 2868 etiam
714 2827 877 2882 tragico
908 2827 1193 2882 praestabunt
1223 2827 1357 2868 uerba
1387 2826 1597 2868 cothurno

416 2897 536 2939 cuius
568 2898 650 2938 erit
681 2911 941 2952 quamquam
976 2897 1018 2938 in
1053 2897 1212 2941 chartis
1245 2897 1370 2939 stilus
1400 2896 1492 2952 ipse
1524 2904 1728 2940 cruentus
1759 2898 1844 2938 460
