1966 3329
263 204 285 239 8
758 200 846 239 ,S'IL
859 201 920 238 VA
962 200 1040 237 MA
1048 199 1207 237 NILIA
1219 199 1302 235 NA.

263 319 345 360 nisi
367 319 599 374 prudentia
627 319 836 361 mundum
865 325 1044 375 regeret,
1073 318 1310 374 periculum
1341 321 1432 358 erat
1461 330 1514 356 ne
1543 321 1658 357 astra
1686 319 1800 356 certo

263 390 336 430 illo
365 404 440 430 suo
469 389 636 430 ambitu
669 389 923 438 intermisso,
952 394 1028 430 aut
1059 389 1143 429 huc
1176 388 1277 428 illuc
1310 387 1487 427 licenter
1515 389 1706 426 errarent
1725 388 1802 424 aut

264 458 381 499 omni
409 463 529 499 motu
558 472 730 513 prorsus
759 463 962 498 carerent.
1026 462 1281 512 sequentem
1312 470 1484 496 uersum
1514 453 1576 494 ita
1604 451 1802 493 seruabat

265 528 490 569 Bentleius
518 533 568 569 ut
597 526 800 568 audacius
829 542 943 581 παρα
965 541 1040 581 pro
1062 541 1140 567 sua
1162 531 1397 581 reponeret.
1459 538 1543 564 non
1566 522 1680 564 tanti
1702 527 1804 563 erat.

263 611 343 638 sua
364 610 439 650 pro
462 600 470 615 ‘
485 595 592 636 eius'
616 595 804 649 positum
828 593 1048 634 falsarium
1071 594 1216 649 arguit
1240 599 1283 635 et
1306 593 1459 634 Latine
1482 591 1605 632 illum
1628 590 1803 645 quidem

265 665 539 706 nescientem.
592 663 872 704 Bentleianae
895 662 1185 704 emendationi
1210 662 1317 703 illud
1338 677 1423 703 non
1445 660 1673 702 obiecerim
1690 658 1802 714 quod

263 738 271 753 ‘
290 733 447 789 uagus'
478 732 551 773 uix
582 731 668 772 ullo
697 731 926 772 interuallo
955 731 1105 787 ‘uaga'
1135 737 1350 787 sequatur.
1414 729 1660 772 huiusmodi
1689 728 1806 770 enim

264 803 481 858 permulta
502 801 618 857 apud
640 806 810 842 ueteres
832 801 1119 856 reperiuntur.

353 911 389 940 ΙΙ
420 901 505 940 424
536 913 624 954 sqq.

440 990 486 1026 at
517 999 600 1025 non
633 983 834 1038 Lanigeri
865 983 1036 1039 signum
1068 983 1308 1038 Libraeque
1341 988 1553 1037 repugnat

442 1054 487 1094 in
518 1058 671 1103 totum,
703 1053 806 1108 quia
837 1068 913 1094 uer
943 1058 1153 1094 autumno
1185 1059 1376 1107 tempore
1408 1051 1564 1100 differt,
1726 1051 1808 1090 425

443 1121 517 1163 sed
547 1121 713 1162 ratione
744 1121 838 1176 pari
869 1126 935 1162 est
966 1121 1161 1177 aequatis
1193 1127 1319 1162 nocte
1351 1120 1511 1161 diebus.
1728 1115 1808 1158 427

443 1191 654 1232 fructibus
685 1190 754 1232 hic
785 1190 939 1245 implet
970 1190 1161 1240 maturis,
1192 1190 1366 1231 floribus
1398 1188 1516 1238 illud,
1727 1187 1810 1228 426

444 1266 723 1314 temporaque
756 1259 948 1300 efficiunt
980 1259 1111 1300 simili
1141 1259 1363 1299 concordia
1395 1263 1531 1299 textu.

358 1353 417 1393 sic
439 1351 665 1393 ordinandi
687 1357 788 1392 sunt
810 1351 855 1392 hi
878 1366 1036 1392 uersus.
1098 1351 1143 1392 in
1174 1366 1301 1392 uersu
1334 1350 1430 1399 427,
1458 1349 1533 1404 qui
1558 1349 1603 1390 in
1631 1363 1674 1389 se
1704 1347 1814 1388 nihil

273 1421 404 1463 habet
444 1420 560 1476 quod
600 1420 828 1475 displiceat
868 1426 964 1475 post
1001 1435 1039 1461 u.
1075 1422 1157 1460 425
1200 1419 1320 1474 sequi
1362 1419 1513 1468 iussus,
1554 1424 1735 1472 tempore
1770 1421 1815 1457 et

272 1491 435 1533 ratione
461 1491 574 1532 inter
600 1492 643 1531 se
672 1496 951 1545 opponuntur
981 1497 1028 1531 ut
1057 1489 1218 1531 Graece
1249 1487 1395 1546 χρόνῳ
1419 1495 1463 1529 et
1483 1487 1614 1543 λόγῳ,
1634 1502 1719 1542 quo
1740 1486 1815 1527 uix

273 1561 411 1602 ullum
445 1560 589 1601 notius
626 1559 741 1614 apud
777 1558 1052 1614 philosophos
1085 1558 1321 1601 ἀντίθετον.
1381 1557 1544 1598 Arietis
1575 1556 1816 1611 Libraeque

272 1629 395 1685 signa
444 1628 648 1683 temporis
698 1627 929 1668 interuallo
971 1642 1100 1682 quam
1152 1627 1339 1668 maximo
1381 1626 1496 1667 inter
1546 1639 1590 1666 se
1641 1624 1817 1674 distant,

273 1698 483 1739 rationem
525 1712 626 1738 uero
668 1712 765 1738 cum
808 1711 954 1738 eorum
992 1696 1202 1751 inspicias,
1245 1702 1288 1737 et
1328 1695 1520 1736 noctium
1562 1694 1816 1748 dierumque

273 1767 425 1823 spatiis
446 1766 640 1822 aequatis
663 1772 706 1807 et
728 1765 936 1807 donorum
959 1765 1245 1806 similitudine
1268 1764 1462 1819 proxima
1484 1762 1700 1805 uidentur.

362 1876 398 1906 ΙΙ
431 1868 514 1906 530
546 1879 633 1919 sqq.

421 1956 574 1996 idcirco
606 1961 649 1996 et
682 1954 840 1995 cedunt
872 1954 1054 2008 pecudes
1086 1953 1199 2008 quod
1233 1953 1397 1994 uiribus
1428 1953 1584 2008 amplis
1735 1953 1819 1993 530

421 2023 645 2065 consilium
678 2028 743 2064 est
774 2022 923 2063 maius.
984 2022 1126 2064 uictus
1158 2022 1245 2063 Leo
1277 2022 1413 2077 fulget
1443 2022 1489 2062 in
1519 2020 1671 2072 astris3

421 2107 551 2133 aurea
583 2091 793 2146 Lanigero
825 2090 1033 2131 concessit
1065 2090 1204 2132 sidera
1234 2090 1383 2145 pellis3

421 2163 512 2218 ipse
544 2175 645 2203 suae
676 2160 790 2215 parti
823 2159 1068 2203 Centaurus
1100 2166 1268 2215 tergore
1299 2160 1424 2202 cedit.

422 2247 557 2287 usque
588 2231 694 2272 adeo
726 2236 790 2272 est
822 2230 1008 2271 hominis
1040 2230 1182 2271 uictus
1214 2245 1298 2285 quo
1330 2229 1460 2271 mirer
1491 2229 1545 2270 ab
1577 2228 1662 2270 illis

422 2300 637 2342 nascentis
669 2299 823 2340 Librae
856 2298 1046 2353 superari
1078 2313 1201 2353 posse
1233 2298 1463 2353 trigonum.
1738 2297 1820 2338 535

362 2394 467 2434 haec
507 2391 698 2433 difficilia
746 2397 790 2432 et
841 2395 1042 2445 corrupta
1083 2404 1173 2431 esse
1213 2390 1363 2445 negari
1403 2403 1487 2430 non
1531 2394 1695 2443 potest:
1748 2386 1822 2428 sed

275 2462 421 2518 spuria
469 2476 559 2502 esse
601 2460 718 2501 nullo
761 2460 904 2500 minus
945 2464 1200 2515 argumento
1243 2458 1437 2499 efficitur.
1516 2472 1605 2498 rem
1646 2455 1823 2512 propius

274 2531 562 2586 inspiciamus.
625 2529 903 2570 conferuntur
931 2528 1044 2568 inter
1075 2542 1118 2568 se
1149 2527 1318 2582 trigona
1346 2527 1442 2577 duo,
1474 2527 1629 2568 Librae
1658 2526 1823 2568 scilicet

276 2599 538 2652 Arietisque.
600 2597 755 2638 Librae
779 2596 995 2651 trigonum
1018 2611 1070 2637 ex
1092 2596 1158 2636 his
1180 2596 1317 2636 tribus
1339 2600 1507 2636 constat
1528 2594 1672 2649 signis,
1694 2594 1824 2635 Libra

278 2667 486 2716 Geminis,
512 2666 727 2721 Aquari03
764 2665 926 2706 Arietis
953 2680 1003 2706 ex
1033 2665 1111 2714 his,
1133 2665 1293 2713 Ariete,
1316 2665 1470 2714 Leone,
1494 2664 1729 2720 Sagittario
1753 2664 1824 2705 uel

281 2736 508 2780 Centauro.
571 2735 675 2775 haec
701 2734 784 2774 illis
809 2733 990 2775 aduersa
1016 2739 1060 2774 et
1086 2734 1296 2775 contraria
1321 2739 1433 2783 sunt,
1454 2733 1639 2788 pecudes
1661 2733 1822 2774 scilicet

283 2805 529 2847 hominibus
551 2803 685 2857 (unde
714 2803 845 2844 etiam
875 2803 929 2844 ab
957 2803 1042 2844 illis
1072 2802 1336 2855 uincuntur),
1358 2817 1435 2843 nec
1460 2801 1629 2856 singula
1650 2807 1822 2843 tantum

283 2875 463 2930 singulis
494 2874 565 2915 sed
599 2873 731 2915 etiam
765 2873 879 2914 trina
909 2873 1044 2914 trinis.
1121 2873 1316 2928 quocirca
1350 2871 1570 2928 trigonum
1605 2870 1766 2912 Arietis
1797 2886 1823 2913 a
