1981 3334
606 221 663 261 SI
664 224 694 260 L
708 223 765 260 m
812 224 856 260 M
860 225 889 260 A
898 224 965 262 NI
970 226 1024 262 LI
1030 224 1133 263 AXA
1145 258 1151 265 .
1620 229 1639 267 7

105 346 396 401 superioribus
428 346 620 388 condicio
653 361 798 387 eorum
836 349 1044 402 segregari
1090 364 1170 390 nou
1216 358 1366 404 potest,
1402 352 1452 392 de
1488 353 1642 406 quibus

105 414 177 456 ille
195 415 428 456 rectissime
445 421 453 435 ‘
470 415 741 470 planetarum
762 417 923 457 mentio
946 417 1089 457 deesse
1114 433 1193 458 uon
1220 419 1383 472 potest)
1442 420 1638 460 uimiruiu

105 497 205 524 eum
237 491 430 524 mouerat
459 484 712 525 Bentleiaua
737 484 809 525 illa
831 485 1100 540 obiurgatio:
1131 494 1148 506 ‘¹
1170 487 1276 527 Vide
1310 503 1428 541 porro
1457 489 1638 528 scabiem

105 551 287 593 istorum
314 552 619 593 versiculorum
653 553 879 593 ‘Saturni’
905 561 948 594 ct
971 571 1007 609 q.
1030 570 1260 596 s...uouue
1285 556 1458 597 mirifico
1480 556 1639 596 dictum

108 622 198 677 ayit
226 621 340 662 inter
370 636 565 663 venerem
596 628 640 662 et
664 622 808 662 lunam
832 622 878 662 !’'
939 623 1114 663 mirifice
1147 624 1328 664 concedo
1361 632 1405 664 ct
1433 625 1641 674 scaldos-03

106 690 180 732 sed
222 691 381 732 librarii
424 691 637 746 culpandi.
719 692 898 746 scriptor
934 691 1109 733 dederat
1148 694 1505 746 ‘uyc't—i·ol.‹rtus
1535 695 1644 734 sicut

107 769 156 800 lv
187 761 271 802 863
293 759 502 801 ‘mundus
534 760 624 815 ayit
656 760 826 802 cursus)
899 775 1008 814 quae
1041 761 1083 800 iu
1118 760 1326 815 prioribus
1358 769 1477 802 notat
1516 762 1644 802 Bent-

107 828 226 878 leius,
255 843 338 870 non
370 830 511 884 magui
545 829 738 871 facienda
770 837 880 870 sunt.
944 830 1177 871 “Planems
1210 846 1308 885 crgo
1342 831 1423 871 iam
1458 831 1642 885 primum

106 905 317 940 memorat
340 904 383 940 ut
407 898 706 954 mnndifucies
726 898 990 954 impleatur.''
1050 899 1126 939 boc
1148 900 1261 939 enim
1286 900 1327 939 iu
1357 914 1426 940 uu.
1450 901 1530 940 &05
1555 914 1642 954 sqq.

107 966 312 1009 Manilius
340 968 421 1009 sibi
454 969 675 1023 proposuit
706 967 958 1008 faciendum.
1018 968 1187 1023 “Atqui
1209 983 1337 1022 supra
1359 983 1502 1009 eorum
1528 982 1642 1008 men-

105 1035 264 1077 tionem
303 1037 461 1078 fecerat
498 1036 649 1078 iisdem
687 1052 796 1092 pene
835 1037 975 1077 verbis
1011 1044 1059 1077 ut
1095 1052 1215 1078 versu
1257 1040 1336 1078 259
1374 1043 1527 1091 ‘atque
1561 1036 1645 1077 alia

105 1104 283 1147 adverso
317 1105 528 1147 luctantia
564 1106 703 1147 sidera
745 1106 928 1154 mund0‚'
971 1114 1014 1147 et
1052 1118 1066 1147 Ι
1109 1108 1192 1148 6ϋὸ
1234 1111 1299 1147 ‘et
1340 1106 1529 1161 quinque
1570 1105 1642 1146 ad-

107 1187 225 1214 verso
257 1173 467 1215 luctantia
497 1173 636 1215 sidera
669 1174 947 1221 n1u1ulo,'ubi
980 1174 1215 1215 notandum
1250 1175 1439 1229 quinque
1472 1180 1642 1214 tautum

106 1242 334 1291 numerari,
368 1243 437 1284 hic
474 1258 570 1284 vero
607 1244 736 1284 solen]
776 1244 1008 1298 lunamque
1046 1243 1170 1294 addi3
1213 1244 1330 1298 quasi
1369 1242 1426 1283 sol
1463 1249 1506 1282 et
1543 1242 1645 1282 luna

106 1311 185 1353 hoc
220 1312 406 1367 primum
442 1313 542 1361 loco,
573 1328 656 1354 non
696 1313 780 1353 iam
818 1328 944 1367 saepe
983 1320 1121 1361 autea,
1159 1312 1368 1353 nominati
1406 1308 1514 1352 sint.’
1576 1311 1643 1351 hic

104 1380 213 1422 illud
238 1382 432 1437 primum
461 1382 682 1424 Bentleius
708 1382 760 1423 de
793 1398 868 1423 suo
894 1382 1071 1423 addidit.
1135 1382 1328 1437 planetas
1360 1382 1476 1436 prius
1508 1381 1644 1422 obiter

103 1457 245 1505 poeta,
276 1465 390 1491 nuuc
422 1465 498 1492 suo
529 1451 618 1492 loco
653 1457 873 1492 memorat.
935 1451 979 1491 in
1014 1465 1051 1491 u.
1086 1451 1167 1492 670
1202 1450 1390 1505 quinque
1423 1456 1644 1501 numerat;

104 1532 205 1559 nam
232 1518 380 1560 Lunae
407 1519 603 1575 Solisque
630 1520 792 1560 mentio
822 1519 864 1559 in
895 1534 962 1559 uu.
993 1521 1088 1567 668,
1118 1522 1200 1561 <369
1231 1525 1536 1573 praecesserat:
1569 1519 1640 1559 sed

101 1586 147 1628 in
188 1602 228 1628 u.
264 1589 360 1637 308,
403 1588 514 1642 quod
557 1587 715 1642 fugisse
759 1587 1002 1628 Bentleium
1043 1587 1226 1636 uidetur,
1263 1593 1441 1642 septem,
1478 1586 1642 1628 ‘sidera

102 1662 271 1711 septem
297 1655 302 1712 Ι
330 1671 406 1711 per
441 1656 506 1697 bis
542 1671 644 1697 sena
685 1656 832 1697 nolant
873 1663 1022 1696 contra
1062 1656 1248 1696 nitentia
1287 1655 1428 1710 signa.'
1503 1670 1641 1710 neque

103 1724 208 1766 illud
244 1725 604 1780 praetereundum
645 1731 710 1765 est
747 1725 790 1765 in
825 1740 863 1765 u.
903 1727 986 1765 813
1024 1729 1148 1765 ‘sunt
1182 1724 1331 1765 etic1772-'
1368 1740 1393 1765 a
1428 1724 1642 1765 codicibus

101 1808 192 1835 esse
220 1808 359 1850 neque
385 1794 630 1836 offensionis
654 1794 808 1835 habere
834 1793 1063 1848 quicquam
1096 1793 1173 1834 nisi
1205 1793 1317 1848 quod
1347 1807 1443 1833 cum
1471 1792 1641 1833 Bentlei

103 1864 343 1906 rationibus
364 1864 482 1905 nullo
505 1864 629 1905 modo
651 1870 868 1918 congruat.

192 1961 208 1990 1
240 1952 322 1992 889
345 1964 406 2005 sq.

798 2006 932 2047 lassus
963 2006 1174 2047 defecerat
1205 2005 1316 2061 ignis

335 2083 379 2118 et
411 2076 670 2118 coaceruatis
701 2076 910 2117 ardebant
941 2090 1115 2130 corpora
1146 2075 1359 2116 membris.

190 2158 244 2200 de
267 2173 305 2199 u.
329 2160 412 2200 890
434 2162 454 2178 “
470 2157 706 2209 Quomodo,
729 2157 884 2205 sodes,''
907 2156 1050 2211 inquit
1071 2161 1090 2175 “
1106 2155 1325 2203 ardebant,
1353 2156 1385 2196 si
1414 2155 1524 2211 ignis
1553 2155 1637 2196 iam

101 2226 373 2269 defecerat?''
434 2225 751 2267 rescribendum
775 2236 875 2274 NEC,
898 2240 995 2266 eum
1024 2230 1060 2266 et
1091 2223 1250 2265 centies
1279 2223 1523 2278 centiesque
1545 2238 1641 2264 con-

102 2296 258 2345 fusum,
279 2311 342 2338 ex.
364 2310 424 2351 gr.
447 2306 494 2336 1v
517 2297 611 2336 824.

190 2397 226 2428 11
258 2386 313 2429 70
343 2401 432 2442 sqq.

276 2481 361 2508 non
392 2472 504 2508 esset
533 2466 662 2508 statio
693 2466 830 2516 terris,
863 2481 946 2507 non
978 2465 1168 2507 ambitus
1201 2465 1326 2507 astris

275 2535 554 2590 haereretque
587 2549 722 2590 uagus·
754 2534 941 2576 mundus
973 2534 1211 2589 standoque
1243 2534 1402 2589 rigeret

276 2619 352 2646 nec
383 2619 461 2645 sua
489 2604 716 2659 dispositos
747 2609 969 2644 seruarent
1001 2603 1138 2644 sidera
1169 2617 1315 2643 cursus

276 2688 445 2728 noxque
475 2673 640 2714 alterna
671 2672 786 2714 diem
818 2672 986 2727 fugeret
1017 2686 1270 2725 rursumque
1304 2671 1479 2724 fugaret.

184 2775 224 2802 u,
247 2759 299 2802 71
322 2775 424 2802 sane
445 2774 569 2801 sensu
593 2774 735 2800 cassus
756 2763 833 2809 est,
850 2757 923 2799 sed
941 2755 1243 2805 emendandus,
1261 2770 1344 2796 non
1361 2753 1624 2795 abiciendus:

100 2829 238 2872 scribe

272 2904 544 2954 ERRAretque
580 2912 718 2954 uagus
752 2895 938 2938 mundus
971 2894 1185 2936 standoVE
1218 2893 1384 2948 rigeret.
