1966 3329
301 219 350 255 52
797 218 959 257 SILVA
1001 218 1340 257 MANJLJANA.

302 338 492 394 Thgsestes
529 343 641 382 1044
677 356 764 396 sqq.
802 341 904 382 ‘hoc
941 347 1005 383 est
1043 341 1155 397 quod
1198 341 1352 382 auidus
1391 356 1541 396 capere
1578 356 1663 382 non
1699 339 1843 395 potuit

298 410 443 463 pater'
474 409 478 465 Ι
504 411 670 465 (itaque
707 415 847 452 ructat
882 418 1006 466 pater
1038 411 1194 463 natos),
1231 410 1492 451 ‘uoluuntur
1526 410 1645 452 intus
1680 409 1844 452 uiscera

299 482 343 518 et
374 478 536 519 clusum
572 479 691 520 nefas
718 477 724 533 Ι
751 478 842 520 sine
875 478 993 520 exitu
1028 479 1214 521 luctatur
1244 485 1288 520 et
1319 478 1490 534 quaerit
1520 478 1688 534 fugam.'

386 556 589 588 secuntur
622 547 755 588 uerba
785 547 1029 602 ‘solemque
1062 562 1281 588 reuersum
1310 546 1315 603 Ι
1345 553 1389 588 et
1422 562 1594 588 caecum
1631 547 1724 588 sine
1755 546 1842 588 sole

299 614 425 664 diem,
468 615 674 656 Thebana
713 615 885 656 iuuabit
918 617 923 667 Ι
958 615 1098 657 dicere
1139 616 1253 657 bella
1294 616 1431 658 uteri.'
1504 616 1573 657 hic
1613 616 1698 658 sole
1747 621 1844 671 post

298 682 426 724 solem
467 683 584 724 nullo
625 683 749 724 modo
790 683 1013 725 ferendum
1055 689 1130 733 est,
1168 684 1281 739 quod
1319 684 1404 725 iam
1443 684 1570 726 multi
1607 689 1844 734 senserunt,

300 758 343 794 et
385 753 488 794 satis
536 754 640 794 mire
693 768 766 807 pro
819 752 998 795 thebana
1048 753 1092 793 in
1139 753 1342 794 Vossiano
1393 753 1532 808 primo
1580 760 1624 795 et
1673 753 1844 797 Cusano

300 822 504 873 mamma
540 821 727 862 traditur
767 827 817 862 ut
858 821 913 862 ab
956 821 1105 862 Ellisio
1142 820 1383 863 didicimus.
1462 822 1572 863 bene
1614 821 1728 864 idem
1771 821 1844 863 ad-

299 892 467 932 notauit
496 890 709 932 ‘Titanis’
742 890 1007 931 mentionem
1036 889 1080 930 in
1111 889 1189 930 hoc
1211 890 1396 931 facinore
1420 891 1684 945 frequentari
1705 890 1845 944 (Noct.

300 959 450 1001 Manil.
480 974 547 1014 pp.
580 960 660 1001 195
684 959 774 1013 sq).
836 963 1101 1013 quapropter
1133 957 1225 998 ueri
1257 956 1396 999 simile
1429 958 1604 999 uidetur
1634 965 1642 979 ‘
1661 959 1843 1000 TITANA

298 1030 539 1070 reuersum’
562 1044 587 1070 a
620 1028 794 1069 Manilio
822 1027 973 1068 datum
1003 1042 1118 1078 esse3
1150 1027 1248 1068 hinc
1278 1027 1320 1068 in
1345 1027 1460 1068 illius
1488 1027 1682 1070 Thebana
1703 1028 1842 1069 locum

300 1098 342 1138 in
385 1097 438 1139 iis
479 1113 585 1153 quus
629 1096 851 1139 nominaui
892 1097 1110 1138 codicibus
1151 1097 1408 1138 translatum
1450 1112 1554 1146 esse,
1595 1097 1701 1139 illud
1743 1112 1847 1139 uero

298 1167 516 1222 solemque,
550 1166 777 1208 enarrandi
810 1165 950 1221 gratia
986 1180 1115 1222 supra
1151 1165 1371 1222 scripturn,
1403 1165 1604 1208 ‘Titana'
1637 1181 1715 1208 sua
1746 1165 1846 1208 sede

299 1236 526 1291 expulisse.

387 1305 462 1360 qui
496 1305 691 1361 sequitur
722 1320 871 1347 uersus
902 1305 1028 1360 (467)
1056 1305 1180 1348 ‘hinc
1213 1306 1360 1356 uestis
1392 1306 1510 1348 illinc
1543 1306 1738 1348 flammas
1770 1320 1848 1362 pro

300 1389 477 1416 munere
516 1375 687 1416 missas'
725 1374 829 1431 quid
866 1374 936 1416 hic
972 1375 1053 1416 sibi
1096 1375 1216 1422 uelit,
1253 1375 1415 1417 nescire
1458 1390 1525 1417 me
1567 1376 1712 1417 fateor.
1794 1375 1847 1416 de

300 1444 495 1486 uestibus
516 1444 794 1500 flammigeris
820 1445 1051 1500 accipiunt,
1073 1460 1178 1500 quas
1200 1444 1386 1488 Creusae
1409 1445 1527 1487 misit
1549 1445 1711 1487 Medea.
1773 1443 1848 1487 sed

299 1515 352 1557 ad
394 1515 510 1556 illam
555 1529 638 1556 non
681 1515 781 1556 hinc
822 1521 976 1565 uestes,
1017 1514 1137 1556 illinc
1178 1514 1377 1556 flammae
1424 1521 1526 1556 sunt
1567 1515 1733 1565 missae,
1773 1514 1846 1556 sed

299 1592 507 1640 utraeque
536 1584 740 1627 indidem.
807 1585 911 1626 haec
940 1584 1202 1641 quicumque
1231 1584 1401 1640 scripsit
1429 1586 1588 1640 (neque
1611 1584 1726 1626 enim
1749 1599 1848 1626 con-

298 1655 420 1696 tinuo
442 1670 467 1695 a
489 1654 667 1695 Manilio
689 1654 1048 1707 abiudicauerim)
1069 1653 1122 1695 de
1150 1653 1334 1695 Hercule
1355 1653 1571 1709 scripsisse
1593 1654 1730 1695 credo.
1782 1653 1846 1694 illi

298 1723 414 1765 enim
438 1730 579 1765 uestes
602 1723 765 1765 misisse
787 1723 1005 1772 Deianira,
1021 1722 1217 1765 flammas
1240 1723 1404 1764 Nessus
1422 1723 1658 1765 rectissime
1675 1722 1844 1764 dicitur.

300 1792 464 1835 omissis
486 1793 553 1833 his
574 1798 717 1834 cetera
739 1793 903 1848 optime
925 1793 1038 1834 inter
1059 1807 1104 1834 se
1126 1792 1429 1834 cohaerebunt.

415 1899 493 1926 nec
525 1884 668 1926 minus
699 1890 743 1926 et
774 1885 981 1926 scelerum
1013 1884 1121 1926 facie
1152 1899 1383 1939 rerumque
1414 1883 1609 1926 tumultu

416 1953 693 2009 gaudebunt3
743 1965 906 1995 TAETRI
959 1953 1119 1995 luctam
1161 1953 1247 2006 (uel
1295 1953 1467 2007 luxum)
1507 1967 1743 1994 memorare
1784 1967 1849 1994 se-

531 2022 702 2078 pulchri

416 2097 748 2148 ructantemque
778 2098 948 2148 patrem
981 2098 1117 2140 natos,
1150 2093 1331 2133 TITANA
1361 2106 1582 2133 reuersum

418 2167 461 2203 et
492 2176 664 2203 caecum
697 2162 787 2203 sine
819 2161 906 2202 sole
937 2161 1062 2202 diem.
1125 2160 1334 2202 Thebana
1364 2159 1536 2201 iuuabit

417 2229 556 2271 dicere
587 2229 702 2271 bella
732 2230 845 2271 uteri
876 2230 1152 2285 mixtumque
1183 2229 1228 2270 in
1259 2229 1391 2270 fratre
1423 2233 1647 2283 parentem

418 2314 646 2355 quaerere3
687 2299 866 2341 Medeae
898 2305 1023 2341 natos
1054 2300 1317 2355 fratremque
1349 2304 1604 2354 patremque

418 2368 663 2424 aeriamque
695 2369 840 2424 fugam
873 2379 1132 2424 NACTOSque
1165 2383 1216 2410 ex
1248 2368 1424 2424 ignibus
1456 2382 1600 2409 annos.

389 2465 486 2515 post
514 2473 714 2514 quaerere
745 2459 925 2514 plenius,
948 2465 996 2501 ut
1025 2459 1159 2509 uides,
1188 2458 1451 2514 interpumi,
1480 2473 1577 2500 mox
1609 2473 1685 2514 pro
1715 2463 1852 2500 uectos

301 2530 465 2583 (nectos,
503 2521 648 2582 notos),
684 2528 798 2584 quod
840 2528 1004 2569 codices
1041 2527 1214 2575 habent.
1247 2534 1406 2570 NAOtos
1446 2527 1604 2583 scripsi.
1667 2526 1848 2568 uerbum

302 2597 417 2638 enim
449 2596 618 2651 passiue
649 2595 958 2651 accipiendum,
992 2595 1114 2636 cuius
1145 2595 1207 2637 rei
1239 2596 1376 2637 lexica
1408 2595 1605 2650 exempla
1636 2595 1718 2636 tibi
1749 2609 1849 2650 sup-

301 2666 575 2723 peditabunt,
597 2665 847 2707 nesciebant
870 2665 1044 2707 librarii.

389 2770 420 2798 V
452 2757 535 2799 479
558 2772 616 2812 sq.

535 2838 724 2879 externis
755 2844 900 2878 tamen
933 2845 1061 2893 aptus
1093 2838 1175 2878 erit
1205 2853 1320 2879 nunc
1353 2852 1455 2878 uoce
1487 2837 1638 2895 poetis,

537 2921 651 2953 nunc
683 2907 814 2948 tacito
845 2912 983 2962 gestu,
