1966 3329
279 214 329 250 24
775 211 865 250 ›S'IL
878 212 937 250 VA
980 210 1316 250 MANILIANA.

276 333 464 375 inueniri
496 340 649 389 posset.
710 333 970 388 praepositio
999 348 1099 374 uero
1128 334 1173 374 in
1203 333 1382 375 Manilio
1414 339 1529 375 recte
1559 348 1603 375 se
1630 333 1822 384 habebit,

278 417 375 444 cum
405 403 623 458 Vergilius
650 418 821 458 quoque
850 403 957 445 Aen.
989 405 1052 446 10.
1086 405 1168 444 222
1200 410 1244 444 et
1275 403 1423 446 Cicero
1449 403 1523 457 (N.
1547 403 1598 445 D.
1623 406 1659 445 2.
1681 401 1821 460 §100)

278 471 463 513 ‘innare'
481 471 572 513 sine
590 486 690 513 casu
708 471 1026 526 usurpauerint.
1069 471 1155 513 iam
1173 472 1225 514 de
1240 472 1394 514 ceteris
1413 472 1661 514 uidendum.
1708 472 1823 513 inter

281 556 465 597 aequora
482 548 526 582 et
547 542 721 597 aymina
738 540 836 595 (hoc
859 540 1056 583 Cusanus
1078 542 1171 595 alii)
1189 548 1363 584 tanturn
1381 542 1594 597 discrepat
1616 547 1665 583 ut
1686 554 1824 597 aegre,

280 611 369 653 utri
392 617 434 652 te
457 611 601 666 potius
623 611 822 666 adplices,
839 610 1053 652 decernas.
1112 611 1217 665 quid
1239 612 1274 653 si
1297 611 1440 653 neutri
1460 614 1472 652 .?
1519 610 1627 652 mihi
1650 609 1823 665 quidem

280 680 359 721 hoc
392 680 527 735 magis
558 680 710 735 placet,
743 686 787 721 et
815 694 867 720 ex
893 695 974 735 per
1002 692 1140 722 ΙΟΥΔΑ
1173 680 1382 722 dissoluto
1412 686 1644 734 utrumque
1673 693 1824 735 proue-

281 749 405 790 nisse.
468 755 602 790 restat
632 756 681 789 ut
717 748 850 789 etiam
888 760 950 789 ET
978 749 1067 802 (uel
1101 751 1179 801 AO)
1213 764 1483 804 reponamus,
1512 749 1624 804 quod
1657 754 1754 804 post
1784 763 1827 788 m

277 818 401 859 facile
432 817 576 873 potuit
603 817 879 869 intercidere3
912 817 961 859 cf.
989 832 1099 873 quae
1123 817 1177 859 ad
1205 829 1220 858 Ι
1246 820 1329 859 244
1357 832 1487 873 supra
1509 816 1826 859 adnotauimus.

280 886 397 928 locus
419 886 477 928 sic
499 885 681 927 euadet:

455 987 726 1027 erroremque
758 971 879 1013 ducis
911 971 1096 1013 totidem
1129 977 1234 1027 quot
1267 972 1431 1013 uicerat
1462 972 1586 1013 annis

454 1052 711 1091 INNANTEM,
744 1052 799 1082 ET
831 1041 934 1083 belh
966 1041 1191 1097 geminata
1222 1052 1451 1083 PERIOVLA
1483 1047 1624 1096 poutO.

370 1144 405 1174 ΙΙ
439 1135 522 1175 320
553 1147 642 1188 sqq.

456 1214 561 1255 haec
592 1213 742 1255 eadem
776 1213 938 1268 species
970 1213 1091 1254 fallet
1122 1227 1198 1268 per
1229 1213 1352 1268 signa
1383 1212 1619 1267 quadrata3

457 1282 573 1339 quod
604 1297 701 1323 cum
734 1282 868 1323 totius
899 1281 1069 1323 numeri
1102 1282 1176 1336 qui
1208 1281 1419 1322 construit
1451 1281 1598 1322 orbem

458 1359 524 1393 ter
556 1351 735 1406 triginta
765 1351 978 1406 quadrum
1010 1356 1154 1406 partes
1186 1365 1262 1405 per
1292 1350 1432 1392 sidera
1462 1350 1657 1400 reddant,

459 1422 607 1464 euenit
638 1427 688 1462 ut
719 1427 757 1464 et
787 1436 821 1476 q.
844 1437 874 1463 s.

372 1510 418 1550 in
440 1525 478 1551 u.
507 1511 588 1551 321
619 1509 809 1550 immane
840 1508 968 1549 metri
1000 1507 1157 1548 uitium
1191 1507 1321 1548 multi
1351 1507 1519 1547 amoliri
1549 1506 1691 1548 conati
1721 1513 1832 1548 sunt.

285 1579 554 1621 lenissimum
595 1577 835 1619 remedium
879 1577 914 1618 si
957 1577 1090 1617 uerba
1135 1576 1315 1632 trigyz'nta
1360 1575 1575 1631 qzcadrum
1626 1576 1740 1616 inter
1790 1589 1834 1616 se

285 1644 608 1700 transposueris,
631 1645 711 1685 hoc
733 1644 959 1699 paululum
983 1643 1230 1692 immutato,
1253 1649 1316 1685 ter
1345 1654 1535 1692 QVADRA
1571 1654 1796 1684 TRIGINTA
1811 1641 1835 1685 ¹.

284 1714 452 1770 quadra
484 1713 744 1754 femininum
776 1719 841 1754 est
873 1723 917 1754 et
949 1718 1118 1768 partem
1151 1718 1350 1767 quartam
1382 1711 1597 1766 significat
1634 1717 1684 1752 ut
1719 1711 1836 1767 apud

285 1790 503 1825 auctorem
543 1783 700 1826 Moreti
735 1785 804 1832 49,
841 1783 966 1824 Mart.
1005 1782 1229 1837 Capellam
1267 1786 1292 1822 ὃ
1329 1780 1458 1838 §823
1492 1787 1625 1837 ‘quae
1657 1781 1834 1836 quidem

286 1853 420 1894 alium
451 1854 505 1894 ab
538 1859 633 1894 ortu
667 1853 873 1894 circulum
905 1852 1180 1893 decussantes
1208 1852 1252 1892 in
1282 1863 1330 1892 IV
1360 1852 1543 1907 quadras
1571 1851 1724 1892 mundi
1746 1866 1835 1892 am-

286 1922 428 1963 bitum
458 1921 780 1963 discreuerunt.'
842 1936 939 1962 mox
968 1920 1240 1962 scribendum
1270 1920 1447 1962 reddAT.
1509 1920 1727 1961 sententia
1755 1919 1837 1961 loci

287 1991 393 2032 haec
431 1990 513 2032 erit
549 1991 686 2046 ‘quod
723 2005 821 2031 cum
858 2005 955 2046 pars
991 1996 1148 2045 quarta
1184 1989 1320 2031 totius
1362 1989 1530 2030 numeri
1573 1989 1648 2045 qui
1689 1989 1836 2031 orbem

288 2060 498 2102 construit
522 2061 757 2116 nonaginta
779 2061 961 2115 (partes)
981 2061 1140 2117 gradus
1163 2059 1326 2109 reddat,
1348 2059 1497 2101 euenit
1511 2059 1519 2074 '
1542 2065 1580 2102 et
1600 2074 1634 2115 q.
1657 2074 1688 2101 s.

377 2163 412 2193 ΙΙ
446 2151 526 2194 347
561 2167 620 2207 sq.

465 2238 597 2280 distat
628 2239 745 2280 enim
777 2254 832 2280 an
863 2238 999 2294 partis
1030 2245 1253 2280 consumat
1284 2239 1399 2280 linea
1430 2239 1567 2280 iustas

466 2308 736 2350 detractetne
769 2308 946 2350 modum
977 2309 1147 2350 numeri
1178 2323 1304 2364 quem
1340 2309 1523 2350 circulus
1553 2308 1702 2350 ambit.

378 2395 488 2436 ratio
519 2395 711 2450 postulat
742 2401 792 2436 ut
828 2395 882 2436 ad
919 2395 1002 2436 ista
1037 2395 1290 2437 detractave
1327 2394 1498 2436 modum
1534 2393 1700 2436 numeri
1735 2394 1837 2435 ‘im-

289 2463 453 2518 plendi'
475 2464 535 2517 (u.
559 2465 662 2515 316)
684 2463 867 2505 uerbum
889 2463 1172 2519 respondeat3
1204 2464 1253 2505 cf.
1272 2466 1353 2506 311
1379 2463 1733 2504 ‘hanc—numeri
1751 2477 1836 2504 non

335 2578 346 2597 1
370 2586 441 2608 non
457 2575 670 2608 fraudandus
690 2575 747 2607 hic
770 2585 831 2608 sua
851 2576 1028 2608 mentione
1098 2576 1185 2608 sicut
1210 2586 1266 2608 ars
1290 2576 1366 2617 ipsa
1389 2575 1553 2617 postulat,
1578 2575 1718 2608 adhibet
1740 2576 1837 2609 Man-

291 2631 435 2663 Iacobus
466 2633 504 2662 ut
535 2631 691 2671 exemplo
725 2631 770 2662 sit
801 2631 932 2662 criticis
952 2631 1028 2672 ‘pro
1096 2631 1187 2669 ilius,
1211 2633 1349 2672 quadris
1373 2631 1501 2663 abusus
1524 2634 1625 2671 esset,
1652 2631 1836 2664 ueritatem

292 2685 402 2717 nihilo
427 2695 500 2717 esse
523 2685 665 2717 uoculas
693 2695 732 2716 ac
759 2685 931 2717 litterulas
957 2686 1026 2717 nisi
1096 2686 1209 2727 ipsam
1231 2686 1371 2718 mentiri
1394 2686 1511 2726 coegit.
1559 2689 1775 2728 quapropter,
1798 2689 1838 2718 ut

293 2740 491 2772 intellectus
509 2739 698 2772 accesserit.
737 2750 820 2772 nam
836 2750 914 2772 cum
929 2743 1031 2781 quad·
1102 2740 1210 2772 isdem
1234 2743 1314 2772 utar
1337 2740 1451 2772 uerbis
1474 2740 1599 2780 quibus
1620 2742 1722 2772 antea
1744 2740 1781 2771 in
1803 2751 1839 2772 re

294 2807 366 2828 rum
381 2796 506 2837 plurali
522 2806 666 2827 numero
683 2798 804 2827 contra
824 2796 941 2828 Latini
965 2807 1031 2828 ser·
1102 2795 1206 2827 simili
1229 2796 1465 2837 (Mnemosyne
1490 2798 1513 2828 t.
1536 2795 1601 2834 xiv,
1620 2806 1653 2835 p.
1671 2796 1747 2836 439)
1765 2806 1836 2827 non

293 2851 407 2883 monis
424 2850 710 2883 consuetudinem
727 2850 889 2882 donasset
913 2854 947 2882 et
969 2861 1030 2891 pro
1100 2851 1250 2882 concedo
1274 2850 1305 2882 ei
1328 2850 1418 2882 idem
1448 2853 1551 2890 atque
1573 2860 1636 2882 nos
1659 2850 1836 2883 inuenisse

293 2907 468 2947 quadratis
506 2905 596 2945 quod
635 2905 841 2937 uocabulum
884 2916 1028 2946 semper,
1099 2905 1157 2937 sed
1173 2905 1308 2938 easdem
1326 2908 1465 2937 tantum
1482 2905 1628 2937 litteras.
