1981 3334
598 223 653 262 Sl
660 222 688 260 L
702 222 759 260 VA
805 223 880 260 MA
893 223 953 261 Nl
960 224 988 260 L
998 223 1018 260 Ι
1022 227 1048 261 ,1
1058 225 1141 261 NA.
1591 230 1640 263 ⁰3

105 341 247 384 reddit,
289 342 402 384 linea
442 342 679 384 summam?
761 342 854 398 lege
889 350 1146 386 consumMEt
1183 345 1292 400 quod
1329 346 1506 387 uerbum
1545 362 1639 388 cum

104 411 378 453 consumendo
427 411 688 466 permiscent
735 411 900 452 codices
944 413 1014 464 (cf.
1058 423 1071 452 1
1117 415 1211 462 509,
1254 424 1300 453 lv
1345 416 1457 465 251).
1531 415 1640 455 haud

105 478 312 521 dissimile
355 480 462 521 illud
505 479 740 521 ‘decimam
783 494 1084 522 consummans
1121 482 1306 536 septima
1342 484 1547 536 partcu1';
1594 484 1642 524 cf.

106 549 239 591 etiam
262 560 311 591 1v
337 551 429 591 159.

196 651 230 682 11
254 639 337 682 570
358 655 447 696 sqq.

283 735 361 762 nec
392 721 480 762 sola
511 728 577 762 est
607 721 716 763 ratio
748 736 858 776 quae
890 721 965 763 dat
999 723 1273 764 nascentibus
1304 738 1422 764 arma

283 790 414 846 inque
446 791 592 832 odium
623 797 805 847 generat
839 800 987 846 partus
1019 798 1063 833 et
1095 800 1248 833 mutua
1279 792 1413 842 ucllc;

283 859 356 901 sed
389 859 644 915 plerumque
677 867 855 901 manent
887 861 1061 902 inimica
1093 862 1222 903 tertia
1252 876 1447 917 quaeque

282 929 378 986 lege
410 929 455 970 in
486 936 781 972 transuersum
814 930 940 971 uultu
973 931 1113 973 defixa
1143 931 1342 986 maligno,

196 1020 234 1057 et
254 1020 403 1057 mutua
427 1015 542 1058 nelle.
601 1016 734 1057 immo
757 1027 853 1058 NEC
871 1022 1019 1058 mutua
1041 1018 1146 1059 uelle
1168 1018 1249 1067 uel,
1272 1018 1384 1073 quod
1408 1017 1558 1059 fortius
1576 1024 1652 1066 est,

109 1089 148 1126 et
168 1089 316 1126 mutua
338 1083 480 1135 ,volle3
516 1085 569 1126 de
594 1084 778 1126 inimicis
801 1085 918 1126 enim
941 1100 1078 1127 sermo
1102 1093 1218 1128 totus
1241 1094 1314 1128 est.

200 1190 236 1221 11
260 1179 342 1222 679
365 1194 423 1236 sq.

288 1260 392 1302 haec
423 1259 478 1301 ad
509 1260 722 1301 amicitias
754 1259 976 1303 imitantes
1007 1261 1101 1303 iura
1130 1262 1394 1317 gradumque

285 1330 508 1387 sanguinis
539 1335 671 1385 atque
703 1330 859 1371 animis
891 1331 1112 1373 haerentia
1143 1339 1314 1387 pectora
1346 1332 1518 1373 ducunt.

200 1414 357 1456 animis
384 1414 602 1456 haerentia
626 1421 800 1470 pectora
827 1415 1014 1456 absurda
1041 1423 1154 1465 sunt,
1176 1417 1289 1457 sicut
1315 1417 1408 1457 uisa
1434 1416 1631 1457 Bentleio
1646 1430 1654 1467 3

113 1483 294 1526 haerent
323 1483 439 1525 enim
470 1484 719 1539 pectoribus
751 1484 898 1533 animi,
928 1499 1012 1525 non
1044 1484 1200 1526 animis
1230 1493 1411 1540 pectora.
1473 1485 1655 1540 foedera

115 1553 187 1594 ille
208 1554 446 1608 scripserat.
504 1554 641 1608 magis
666 1553 804 1608 placet
821 1564 1047 1609 pOXDEJ-a,
1070 1554 1161 1595 coll.
1185 1556 1280 1602 956,
1305 1565 1333 1594 V
1356 1556 1452 1603 452,
1475 1554 1596 1608 Prop.
1617 1555 1653 1594 2.

117 1623 182 1664 25.
207 1623 273 1663 22.

203 1718 238 1749 11
261 1708 344 1749 886
368 1721 460 1762 sqq.

290 1787 488 1844 quocirca
521 1786 701 1828 minime
734 1786 892 1828 mirum
923 1787 960 1828 si
992 1787 1186 1841 proxima
1216 1801 1384 1828 summo

291 1862 424 1913 atque
455 1855 607 1898 eadem
639 1855 819 1897 interior
850 1857 1099 1898 ueneranda
1129 1863 1240 1898 sorte
1272 1857 1439 1898 dicatur

293 1925 364 1967 cui
395 1925 554 1967 titulus
585 1925 701 1967 felix,
763 1939 938 1966 censum
971 1925 1030 1966 sic
1061 1925 1257 1981 proxima
1289 1926 1443 1966 Graiae

291 2000 439 2037 nostra
468 1993 587 2036 subit
619 1994 796 2050 linguae
827 1994 1047 2049 uertitque
1079 2009 1104 2036 a
1134 1994 1307 2036 nomine
1339 2009 1503 2036 nomen.

206 2091 245 2119 u.
274 2078 359 2118 888
388 2081 432 2117 et
462 2089 507 2116 re
532 2080 578 2116 et
605 2074 819 2116 locutione
848 2089 1076 2130 peruersus
1101 2081 1174 2116 est.
1238 2089 1335 2115 nam
1371 2074 1519 2116 titulus
1542 2075 1659 2130 feliae

118 2147 235 2197 falso,
275 2160 442 2189 censum
480 2144 590 2186 subit
631 2143 780 2199 inepte
821 2144 990 2185 dicitur.
1071 2144 1171 2185 uitii
1209 2144 1373 2200 gemini
1420 2144 1656 2185 remedium

119 2217 303 2273 simplex
344 2215 427 2257 erit
463 2214 498 2256 si
535 2214 594 2255 sic
627 2213 877 2255 rescribitur
914 2213 1005 2254 ‘cui
1040 2212 1194 2254 titulus
1228 2213 1328 2254 felix
1362 2223 1538 2254 GENIVS.
1600 2213 1659 2254 sic

119 2285 314 2343 proxima
355 2283 511 2326 Graiae
553 2282 558 2338 Ι
602 2288 750 2324 nostra
789 2282 907 2323 subit
948 2282 1121 2337 linguae
1165 2282 1379 2337 uertitque
1420 2296 1446 2322 a
1487 2281 1658 2322 nomine

120 2353 301 2397 nomen)
361 2353 421 2395 sic
445 2352 662 2393 Firmicus
683 2363 719 2392 ΙΙ
743 2353 796 2392 22
820 2356 828 2371 ‘
843 2350 1087 2407 appellatur
1108 2357 1255 2392 autem
1278 2350 1346 2391 hic
1369 2350 1483 2391 locus
1500 2364 1526 2391 a
1542 2349 1662 2391 nobis

120 2425 258 2467 bonus
278 2423 473 2472 daemon,
495 2422 565 2464 uel
587 2421 725 2463 bonus
743 2421 901 2477 qenins,
922 2436 947 2462 a
968 2421 1140 2462 Graecis
1162 2435 1263 2462 uero
1285 2418 1450 2474 ἀγαθὸς
1476 2419 1657 2472 δαίμων.

209 2519 308 2547 mox
329 2509 535 2546 secuntur
555 2502 608 2544 de
631 2517 682 2544 ea
702 2501 803 2544 sede
825 2516 936 2557 quae
958 2500 1242 2542 exaduersum
1264 2499 1448 2555 priorem
1471 2500 1556 2540 sita
1578 2506 1644 2540 est

214 2602 250 2633 ΙΙ
272 2593 354 2634 891
380 2605 469 2646 sqq.

299 2672 400 2714 huic
420 2671 466 2713 in
488 2684 740 2726 peruersum
763 2667 915 2710 similis
937 2667 1103 2709 deiecta
1125 2667 1204 2708 sub
1226 2665 1325 2707 orbe

301 2741 474 2797 imaque
497 2738 707 2781 submersi
729 2738 980 2792 contingens
1003 2736 1184 2777 fulmina
1212 2735 1372 2784 mundi,

301 2810 482 2852 aduersa
512 2823 623 2864 quae
654 2812 777 2862 parte
808 2806 942 2848 nitet’
972 2811 1010 2847 et
1037 2820 1072 2860 q.
1105 2819 1135 2846 s.

215 2893 320 2935 haec
341 2890 668 2948 peruersissima
689 2895 801 2931 sunt.
859 2887 993 2929 scribe
1015 2887 1059 2928 in
1087 2897 1416 2928 Ttalxsuersum.
