1981 3334
605 227 691 263 SIL
707 226 765 263 ΓΛ
814 228 886 264 ,ΠΛ
900 227 1148 266 ΝΙΙιΙΛΝΛ.
1592 238 1640 272 3ῗι

105 340 273 383 odimus
314 343 645 400 deuitamusque
686 345 801 400 qnod
843 353 957 387 certo
1000 348 1172 397 semino,
1215 365 1295 391 non
1338 351 1514 392 arbitrio
1554 368 1641 402 suo,

105 418 350 461 nascuntur,
373 419 421 453 ut
442 414 743 468 frugiferarum
775 429 857 455 non
892 416 1030 457 minor
1051 423 1116 458 cst
1138 419 1250 473 apud
1274 434 1349 461 nos
1369 421 1505 475 gratia
1527 423 1639 476 quod

103 488 259 522 natura
289 481 468 523 iubente
499 483 708 532 oriuntur,
739 484 798 524 sic
830 491 874 525 ct
912 484 1134 527 hominum
1168 488 1401 530 facinorum
1435 490 1638 532 bonorum

102 548 237 590 maior
257 550 339 591 erit
359 551 495 607 gloria
515 551 550 592 si
572 566 669 593 cum
690 552 847 606 gaudio
865 554 1068 594 caelitum
1087 556 1297 605 uenerint,
1316 557 1521 598 malorum
1542 573 1640 599 uero

102 617 240 660 maius
256 619 402 661 odium
420 620 454 661 si
471 635 522 661 ea
538 620 613 676 qui
635 620 885 662 admiserint
908 622 951 663 in
975 622 1142 678 culpam
1167 638 1410 680 poenasque
1435 627 1525 681 lcgc
1548 643 1640 669 nas-

100 688 224 730 cendi
241 690 373 731 creati
391 690 500 731 sint.'
548 690 651 731 haec
669 705 752 731 non
769 691 992 733 cohaerere
1011 692 1106 746 quis
1123 700 1187 734 est
1203 694 1277 748 qui
1295 709 1377 735 non
1394 695 1639 750 intellegat?

100 771 240 813 neque
261 758 376 800 enim
399 758 452 800 de
473 758 631 815 gaudio
653 760 858 801 caelitum
888 761 1042 816 agitur,
1065 761 1137 802 sed
1166 762 1218 803 dc
1248 763 1438 818 imperio.
1497 765 1640 806 confer

99 840 170 868 uu.
188 828 268 869 109
286 842 375 883 sqq.
392 832 400 847 ¹
415 827 577 869 scilicet
594 836 658 869 est
675 829 793 870 aliud
810 830 921 884 quod
942 845 1016 871 nos
1033 838 1244 886 cogatque
1262 838 1466 887 regatque
1482 836 1486 887 Ι
1503 833 1640 874 maius

98 900 145 937 et
171 895 217 937 in
247 896 440 952 proprias
469 897 599 939 ducat
633 899 831 939 mortalia
865 899 1002 954 leges)
1064 901 1243 942 eandem
1277 901 1346 943 hic
1377 902 1635 944 sententiam

96 964 257 1007 leniore
292 967 423 1008 uerbo
457 968 667 1022 expressit
695 975 834 1023 poeta,
863 968 986 1010 modo
1015 970 1268 1011 emendatus
1300 971 1368 1020 sit,
1389 972 1502 1013 caelo
1531 984 1639 1013 ‚5121-

97 1033 226 1077 dente.
287 1036 549 1077 contrarium
592 1037 749 1078 uitium
794 1038 1037 1092 ‘suadetque
1077 1038 1234 1094 Lyaeo’
1276 1055 1350 1094 pro
1386 1040 1640 1096 ‘yctztdetque

98 1101 264 1158 Lyaeo’
287 1118 339 1145 ex
362 1115 391 1144 V
415 1106 498 1146 323
525 1105 729 1152 tollebam
752 1121 849 1147 cum
879 1106 964 1147 iam
993 1113 1095 1148 ante
1128 1122 1195 1148 me
1227 1123 1252 1148 a
1281 1108 1507 1149 Thomasio
1539 1109 1637 1150 sub-

98 1171 234 1214 latum
267 1187 357 1215 esse
389 1173 597 1216 intellexi.
657 1175 744 1216 iam
776 1175 820 1216 iu
849 1175 997 1217 eodem
1027 1191 1153 1217 uersu
1185 1178 1308 1230 (115)
1341 1177 1638 1233 neglegentius

96 1254 198 1283 sane
229 1243 398 1298 scripsit
430 1243 634 1285 Manilius
666 1244 700 1285 si
734 1244 893 1299 ‘gloria
923 1245 1068 1286 uenit'
1097 1246 1278 1300 scripsit,
1306 1260 1403 1286 cum
1436 1247 1635 1287 meritum

96 1299 244 1353 uen'ire
266 1311 461 1368 intellegi
482 1312 647 1364 uoluit3
682 1319 726 1354 et
747 1313 999 1355 inconcinne
1022 1314 1093 1355 uel
1122 1315 1253 1355 etiam
1275 1314 1457 1356 absurde
1479 1315 1637 1356 dicitur

94 1379 341 1422 ‘hominum
379 1381 534 1423 merita
569 1383 776 1423 maiorem
812 1382 992 1437 gloriam
1030 1383 1185 1424 habere
1223 1383 1333 1438 quod
1373 1398 1422 1424 ea
1457 1383 1633 1438 gloriam

94 1448 253 1492 habere
301 1451 393 1504 (uel
440 1451 476 1492 si
517 1452 666 1500 mauis,
709 1451 914 1493 maiorem
963 1452 1144 1508 gloriam
1187 1452 1364 1506 habere)
1406 1453 1634 1494 uoluerunt

93 1519 320 1562 caelestes?
391 1526 653 1576 quapropter
694 1520 857 1562 meritis
893 1535 944 1561 ex
979 1522 1127 1563 merit]
1160 1521 1407 1576 prouenisse
1449 1520 1632 1563 uidetur.

93 1588 147 1631 de
167 1604 188 1632 s
209 1603 234 1630 a
255 1589 437 1631 librariis
458 1589 614 1631 insulto
636 1589 736 1631 uide
760 1604 870 1645 quae
892 1590 1003 1631 infra
1023 1605 1111 1646 cap.
1135 1601 1188 1631 111
1211 1590 1509 1646 congessimus.

180 1692 231 1722 IV
264 1683 348 1724 140
369 1696 456 1737 sqq.

266 1761 432 1803 Taurus
464 1761 731 1817 simplicibus
762 1761 969 1802 dictabit¹
1001 1776 1100 1802 rura
1131 1761 1289 1802 colonis

265 1831 492 1886 pacatique
523 1831 643 1872 labor
673 1830 822 1872 ueniet
853 1845 932 1872 nec
963 1830 1157 1885 praemia
1187 1829 1336 1878 laudis,

266 1900 338 1941 sed
372 1906 511 1942 terrae
542 1899 706 1941 tribuet
738 1906 897 1955 partus.

172 1991 323 2047 pacati
353 1990 479 2033 labor.
541 1991 675 2032 immo
702 2002 917 2046 paccrivJJI.
979 1990 1170 2031 nondum
1204 1989 1318 2030 enim
1356 1994 1532 2044 pacatae
1562 1990 1631 2030 uel

78 2055 295 2103 ¹subactae
327 2067 429 2103 sunt
458 2066 610 2110 terrae,
642 2060 755 2116 quod
794 2060 864 2101 uel
901 2074 953 2101 ex
989 2075 1028 2100 u.
1065 2062 1145 2100 145
1183 2058 1371 2099 elucebit
1405 2058 1631 2099 ‘militiam

89 2129 242 2172 indicit
262 2128 410 2179 terris‚’
431 2143 572 2184 neque
594 2129 638 2169 in
660 2134 669 2149 ‘
684 2129 857 2184 pacato'
881 2128 1001 2169 labor
1022 2128 1193 2168 futurus
1214 2132 1316 2168 erat.
1373 2126 1629 2181 gerundium

91 2204 136 2239 et
170 2198 400 2254 participia
435 2198 550 2239 inter
586 2212 631 2239 se
667 2197 778 2238 nulli
813 2212 896 2237 non
935 2201 1206 2237 commutant
1241 2194 1417 2236 codices.
1484 2195 1629 2249 itaque

90 2266 263 2308 Tibullo
283 2269 340 2320 (1.
360 2270 394 2308 5.
420 2268 493 2320 14)
515 2265 848 2308 abiudicandum
871 2270 879 2285 ‘
895 2264 1059 2306 somnia
1080 2271 1146 2305 ter
1167 2270 1315 2305 sancta
1337 2263 1629 2306 deuenercmda

93 2336 228 2387 mola‚'
250 2336 421 2392 passiue
444 2337 516 2378 ille
538 2336 792 2379 denenerata
813 2335 1049 2391 scripserat.

179 2438 227 2469 IV
250 2430 334 2470 150
355 2443 415 2484 sq.

261 2509 402 2551 laudis
434 2523 574 2560 amor3
605 2508 765 2550 tacitae
797 2514 964 2549 mentes
995 2513 1039 2548 et
1070 2520 1247 2561 corpora
1278 2504 1401 2546 tarda

262 2577 374 2619 mole
404 2577 555 2619 ualent

175 2683 305 2724 supra
328 2668 497 2710 dixerat
525 2673 625 2710 ‘nec
654 2668 846 2723 praemia
871 2666 1014 2708 laudis
1043 2666 1102 2719 (h.
1120 2680 1154 2707 e.
1178 2665 1372 2712 militiae,
1393 2663 1554 2705 Gallice
1583 2663 1628 2704 la

88 2737 244 2793 9l0ire)
266 2737 452 2780 tribuet.'
513 2751 657 2792 quare,
686 2751 739 2777 ne
768 2750 910 2777 secum
942 2739 1108 2789 pugnet
1137 2733 1353 2781 Manilius,
1375 2747 1450 2787 pro
1478 2732 1629 2774 tacitae

154 2845 166 2866 ¹
189 2846 241 2879 ita
263 2846 454 2883 Bentleius,
479 2844 634 2878 codicum
664 2854 745 2884 pars
775 2843 894 2875 melior
920 2842 1050 2874 soloece
1073 2842 1212 2878 dotabit,
1243 2839 1350 2879 aliqui
1373 2840 1510 2870 donabit
1535 2837 1627 2878 quod

91 2900 355 2942 grammaticam
371 2899 542 2932 rationem
559 2908 629 2930 non
646 2897 782 2930 euertit.

1417 2964 1518 3001 3—2
