1981 3334
620 220 675 257 Sl
678 220 709 257 L
723 220 780 258 ΡΛ
826 222 899 257 MA
913 221 977 258 NI
980 222 1039 259 LI
1039 224 1065 259 A
1077 223 1144 260 NA
1155 254 1160 260 .
1605 230 1626 263 3
1636 230 1647 265 l

121 342 218 381 est?
260 355 370 382 unus
392 355 531 382 annus
554 356 656 382 num
680 347 852 383 tantum
874 342 987 383 ualet
1008 345 1020 383 ?
1063 355 1129 384 XII
1154 359 1287 384 annos
1310 353 1436 386 natus
1460 361 1562 401 puer
1583 355 1659 396 ost,

124 419 213 450 XIII
235 409 495 451 adulescens,
539 425 622 450 nou
647 410 846 465 equidem
870 411 1017 454 credo:
1049 412 1120 453 scd
1145 413 1244 454 uide
1262 429 1369 468 quae
1388 415 1658 469 praecedunt.

122 485 336 534 quartum,
371 484 419 520 ut
451 493 477 520 a
511 479 595 520 fine
631 494 840 528 numerOS,
875 481 1083 536 templum
1124 493 1217 522 XLII
1248 498 1381 523 annos
1407 484 1659 538 praebuerat

122 547 240 599 (609,
273 548 388 599 610),
423 547 601 588 tertium
642 559 777 596 XXIII,
813 548 992 590 dimidio
1028 551 1113 590 fere
1150 551 1301 592 miuus.
1362 552 1464 605 quid
1508 552 1659 593 ultimo

124 617 395 671 proximum?
437 622 554 659 XIII¹.
602 624 773 659 constat
791 619 910 660 ratio.
964 620 1163 660 uenimus
1184 620 1233 660 ad
1262 620 1481 661 ultimum:
1516 629 1658 662 utrum

124 685 261 740 magis
294 684 498 727 credibile
536 701 671 727 unum
710 693 883 728 tantum
916 687 968 728 de
997 689 1136 743 priore
1166 704 1334 729 summa
1362 688 1577 737 decedere,
1606 705 1658 730 au

121 754 320 810 priorem.
341 754 480 809 quoad
504 754 650 809 possit,
672 755 831 796 seruari
855 757 1095 797 rationem?
1148 757 1250 811 quial
1275 757 1444 798 multa?
1503 772 1578 811 pro
1600 758 1661 799 bis

121 835 193 864 sex
224 821 259 862 si
292 835 361 863 me
397 821 558 871 audies,
589 822 855 877 rescripseris
894 835 974 863 ΗΧ
999 839 1078 865 sese.
1139 824 1240 865 alibi
1271 839 1439 879 quoque
1473 826 1585 865 inter
1615 840 1658 866 se

123 889 438 946 permiscentur
458 905 484 931 a
505 890 691 932 librariis
713 891 773 933 bis
795 898 839 932 et
865 892 936 933 uix
957 899 1006 933 ut
1031 893 1150 948 Prop.
1174 895 1210 935 3.
1236 895 1298 934 21.
1324 894 1358 935 7.
1405 893 1478 934 sed
1503 894 1660 936 dixerit

122 957 304 1013 aliquis:
344 963 443 999 ‘cur
476 973 561 1007 sex,
594 973 677 999 non
717 966 882 1014 septem
921 960 1021 1000 anni
1059 960 1213 1001 aetatis
1248 976 1272 1000 a
1307 962 1467 1016 templo
1510 963 1661 1003 ultimo

122 1027 376 1070 tribuuntur
392 1026 430 1068 Γ
481 1028 643 1069 nescire
665 1043 734 1069 me
757 1029 892 1070 fateor
914 1044 1052 1084 neque
1074 1030 1379 1083 astrologorum
1398 1031 1661 1073 subtilitates

122 1111 299 1153 premo:
330 1096 508 1138 uideant
531 1097 623 1152 ipsi.

210 1165 297 1207 iam
319 1165 355 1206 si
377 1165 682 1220 praecedentes
704 1166 940 1221 inspexeris
966 1182 1175 1217 numeros,
1197 1168 1364 1209 uidebis
1387 1168 1429 1209 in
1453 1168 1536 1209 illis
1558 1184 1659 1224 quo-

122 1249 206 1292 que
227 1235 394 1276 ratione
415 1235 561 1290 aliqua
581 1235 791 1276 descendi.
845 1236 1104 1291 templorum
1127 1237 1241 1277 enim
1264 1237 1450 1292 primuni
1473 1249 1659 1278 LXXVIII

122 1319 258 1347 annos
290 1304 366 1346 dat
391 1306 615 1359 (591—3),
643 1305 828 1347 alterum
857 1318 1023 1347 LXXVII
1054 1313 1101 1348 ut
1132 1313 1292 1349 octonos
1321 1306 1451 1349 decies
1472 1309 1595 1360 (592)
1617 1313 1661 1348 et

124 1375 187 1418 bis
217 1375 510 1431 quadrayenos
541 1377 666 1429 (595)
697 1375 866 1425 indicio,
899 1376 1077 1423 tertium
1109 1387 1267 1418 LXXVI.
1329 1391 1424 1417 mox
1458 1376 1656 1430 quintum

125 1455 290 1493 LXVIII,
311 1450 479 1485 sextum
509 1454 639 1493 LXIII,
661 1443 893 1499 septimum
924 1455 1031 1491 LVII,
1055 1449 1256 1485 octauum
1284 1455 1320 1486 L.
1381 1450 1584 1485 secuntur
1607 1445 1659 1486 de

123 1513 282 1569 quibus
317 1528 447 1568 supra
484 1513 648 1554 dictum
687 1520 775 1555 est:
821 1528 982 1554 nonum
1025 1513 1136 1568 quod
1180 1524 1276 1554 XLII
1318 1513 1404 1561 dat,
1445 1513 1659 1555 decimum

126 1582 237 1638 quod
270 1593 405 1632 XXIII,
434 1582 711 1624 undecimum
741 1582 852 1638 quod
886 1593 986 1632 XIII,
1018 1582 1320 1624 duodecimum
1354 1583 1467 1638 quod
1496 1593 1544 1623 VI
1570 1583 1660 1637 (uel

126 1652 226 1706 XII).
287 1658 353 1693 est
382 1667 519 1693 unum
555 1666 608 1693 ex
645 1652 857 1701 omnibus,
890 1652 924 1693 si
958 1652 1174 1693 codicibus
1212 1651 1329 1700 fides,
1365 1651 1475 1706 quod
1509 1651 1659 1693 seriem

124 1721 426 1776 interrumpat.
469 1720 521 1761 de
536 1726 688 1775 quarto
706 1721 810 1762 haec
832 1720 886 1761 ab
908 1720 960 1761 iis
982 1720 1234 1761 traduntur:
1268 1725 1276 1739 ‘
1294 1720 1464 1775 imaque
1486 1720 1662 1762 tricenos

126 1789 188 1832 bis
209 1789 496 1831 fundamenta
523 1804 601 1844 per
626 1804 759 1830 annos
785 1788 790 1845 Ι
819 1795 1049 1830 censentur
1071 1788 1131 1830 bis
1155 1803 1225 1830 sea:
1252 1788 1429 1829 adiectis
1456 1788 1662 1830 mensibus

125 1859 256 1902 aeuo?
308 1858 430 1900 dabit
452 1858 587 1915 igitur
608 1864 809 1914 quartum
832 1872 965 1900 annos
983 1869 1074 1907 LXI,
1091 1872 1184 1899 cum
1206 1857 1382 1899 tertium
1407 1857 1480 1898 det
1500 1868 1660 1907 LXXVI,

128 1928 331 1985 quintum
363 1939 539 1969 LXVIII:
581 1942 687 1968 num
719 1927 885 1969 credis?
942 1927 1064 1969 nobis
1099 1932 1212 1967 certe
1246 1926 1350 1967 haec
1385 1925 1662 1967 uehementer

125 1997 423 2054 displicebant,
451 1997 561 2038 nihil
587 2002 748 2046 tamen,
770 1997 970 2052 quamuis
1002 1996 1146 2038 omnia
1174 1995 1488 2051 temptantibus
1519 2002 1568 2036 ut
1596 2010 1661 2037 res

126 2067 249 2110 salua
263 2066 398 2117 fieret,
416 2066 679 2122 proficiebat,
694 2081 790 2107 cum
815 2080 910 2107 ecce
932 2080 977 2107 se
997 2064 1207 2106 Martialis
1223 2063 1338 2104 locus
1359 2078 1488 2118 quam
1511 2078 1660 2119 oppor-

70 2137 73 2141 ’
127 2135 355 2178 tunissime
391 2134 564 2184 obtulit,
597 2133 713 2176 unde
753 2133 806 2175 ad
848 2133 923 2174 hos
961 2132 1130 2174 Manilii
1170 2146 1318 2173 uersus
1359 2131 1467 2172 bene
1508 2131 1661 2173 consti-

127 2205 311 2247 tuendos
343 2203 460 2246 haud
497 2219 633 2245 unum
666 2204 881 2245 lucramur
911 2203 1224 2250 adiumentum,
1255 2212 1304 2242 VI
1335 2202 1399 2242 28.
1429 2204 1454 2242 8
1485 2215 1544 2256 sq.
1573 2201 1662 2242 ‘bis

930 2353 1033 2385 habet
1066 2357 1224 2394 temptam
1258 2357 1306 2384 est
1342 2351 1399 2384 sed
1437 2357 1470 2383 εῡ
1507 2354 1540 2384 et
1575 2363 1591 2383 e
1624 2352 1660 2383 in

930 2417 1049 2439 rasura
1087 2410 1192 2443 stant,
1234 2405 1425 2437 Vossianus
1463 2416 1542 2438 uero
1575 2407 1661 2438 alter

170 2356 183 2377 ¹
199 2356 241 2389 de
256 2366 289 2389 u.
305 2356 367 2389 614
380 2366 483 2388 sensu
496 2355 646 2388 dubitari
659 2365 727 2387 non
739 2356 861 2396 potest,

129 2411 189 2453 qui
222 2411 290 2444 hoc
326 2410 498 2451 significat
513 2424 520 2443 :
570 2410 737 2451 templum
773 2409 864 2450 quod

129 2476 231 2508 super
251 2475 394 2498 occasus
414 2465 470 2505 sit,
497 2465 539 2497 de
564 2474 651 2496 xvm
679 2464 781 2496 annis
806 2464 863 2504 qui

129 2520 315 2562 superioris
337 2519 407 2552 sint
432 2529 543 2552 annos
570 2530 590 2550 x
614 2518 786 2550 remittere
803 2528 864 2550 nec

127 2585 190 2617 pro
207 2574 279 2607 suis
294 2573 482 2611 uindicare,
499 2573 626 2613 itaque,
644 2572 735 2613 quod
751 2572 863 2613 proxi-

129 2640 187 2662 mo
211 2639 313 2662 uersu
337 2628 499 2660 disertius
524 2627 616 2667 dicit,
642 2637 708 2659 xm
734 2627 864 2667 (‘decu-

129 2694 226 2716 mum
238 2684 349 2716 tribus
365 2683 515 2724 applicat
526 2683 548 2723 ’)
562 2682 652 2714 dare.
687 2681 745 2714 sed
758 2682 863 2714 uerba

129 2739 316 2772 incertiora
343 2741 436 2770 sunt.
482 2736 720 2769 Bentleianam
748 2736 862 2768 lectio-

131 2803 212 2826 nem
234 2803 306 2825 non
325 2792 510 2829 summoui,
529 2790 688 2831 quamuis
709 2790 863 2822 codicum

131 2847 269 2880 indiciis
293 2847 353 2880 uix
373 2847 459 2880 satis
481 2845 756 2887 respondentem.
803 2854 864 2885 pro

134 2904 288 2947 templum
323 2907 372 2935 eet
408 2903 466 2934 hoc
507 2901 575 2943 (B.)
608 2899 864 2933 Gemblacensis

932 2467 1124 2504 temptatum
1152 2467 1200 2493 ter
1224 2464 1257 2493 et
1282 2460 1494 2492 Matritensis
1526 2466 1659 2502 tempta-

933 2523 1000 2549 tum
1017 2522 1062 2549 est
1081 2522 1139 2549 ter.
1182 2516 1247 2548 hoc
1263 2521 1313 2547 ter
1328 2518 1362 2547 et
1378 2515 1463 2546 illud
1481 2521 1558 2552 tum,
1575 2525 1660 2555 quse

931 2571 1142 2611 compendiis
1155 2569 1340 2601 simillimis
1353 2569 1443 2601 inter
1458 2580 1492 2601 se
1509 2569 1658 2602 scribun-

934 2630 989 2660 tur
1007 2626 1144 2669 (suadeo
1162 2626 1323 2665 inspicias
1342 2624 1508 2656 Waltheri
1529 2625 1659 2656 lexicon

931 2681 1189 2723 diplomaticum
1209 2691 1241 2721 p.
1259 2680 1334 2720 393)
1352 2682 1534 2718 utrumque
1550 2689 1590 2710 ex
1607 2688 1659 2710 ea-

931 2735 1009 2767 dem
1033 2737 1125 2772 nota,
1152 2744 1238 2774 quae
1263 2734 1284 2765 t*
1313 2738 1404 2774 (run,
1429 2733 1471 2764 cf.
1497 2732 1662 2764 adnotata

932 2789 975 2821 ad
995 2799 1036 2820 111
1055 2789 1131 2830 323)
1153 2797 1226 2819 esse
1247 2788 1369 2827 potuit,
1393 2786 1592 2828 profluxisse
1612 2786 1659 2818 ui-

932 2844 1066 2876 dentur.
1102 2853 1180 2874 mox
1192 2847 1383 2883 temptatum
1393 2851 1454 2883 pro
1468 2842 1660 2882 templanum

934 2898 1099 2941 scriptum
1115 2899 1176 2929 est.
