1981 3334
641 230 730 268 SIL
744 230 802 268 VA
848 230 1183 269 JJANJLJANA.
1631 236 1679 272 53

229 366 366 407 neque
403 351 603 394 hesternis
642 350 755 407 quod
798 350 1131 401 Gemblacensis‚
1171 352 1412 408 Lipsiensis,
1452 354 1680 395 Vossianus

138 419 260 469 alter,
283 420 548 462 Matritensis
577 419 755 461 tradunt
778 427 891 461 recte
922 421 1170 475 probaueris
1200 436 1338 476 neque
1368 423 1546 464 externis
1567 422 1679 477 quod

138 489 281 530 ceteri.
342 504 427 545 quo
460 489 585 530 inodo
614 488 728 530 enim
759 495 923 530 actores
952 489 1060 530 nihil
1092 489 1172 530 nisi
1205 496 1479 531 externorum
1511 498 1677 531 tantum

136 557 394 613 scriptorum
432 571 561 612 opera
596 557 734 598 acturi
776 559 907 598 sunt?
967 557 1072 612 quin
1115 559 1311 600 Aliter-nis
1351 558 1530 613 reponis,
1566 559 1677 614 quod

136 627 241 669 alibi
277 641 447 682 quoque
483 641 580 668 cum
618 627 798 669 eaeternis
834 632 879 668 et
915 626 1116 669 hesternis
1153 628 1195 668 in
1228 628 1345 669 libris
1381 628 1550 683 scriptis
1587 643 1678 683 per-

137 695 342 738 miscetur
381 702 427 737 et
463 695 532 737 hic
567 695 743 750 quidem
787 711 811 736 a
853 710 978 737 uersu
1017 697 1099 737 475
1138 697 1256 752 ‘quis
1294 697 1336 737 in
1369 704 1522 738 cuncta
1557 711 1674 737 suain

137 766 342 822 produxit
363 766 533 808 saecula
555 765 716 807 uitam’
739 766 909 821 egregie
933 766 1120 808 fulcitur.
1161 766 1266 808 dicit
1290 766 1492 807 Manilius
1516 766 1677 820 Cephei

135 841 296 891 partus,
326 835 361 876 si
392 835 505 876 uires
533 835 768 876 defecerint
796 850 881 890 quo
913 835 1054 876 minus
1083 835 1163 889 ipsi
1196 835 1453 876 immortalia
1486 842 1677 890 pangant

135 905 338 954 carmina,
381 911 528 947 tamen
570 904 654 945 illis
695 904 1014 945 immortalibus
1057 905 1194 959 poetis
1236 919 1338 945 uoce
1381 911 1426 945 et
1465 912 1590 960 gestu
1634 905 1675 945 in

135 988 289 1015 scaena
320 973 568 1015 seruituros.

223 1086 254 1116 v
285 1077 369 1118 483

358 1167 434 1202 aut
466 1176 642 1217 magnos
674 1161 822 1203 heroas
853 1167 954 1217 aget
985 1160 1233 1217 scaenisque
1265 1167 1430 1217 togatas

221 1262 391 1298 ‘versus
431 1257 602 1313 spurius
638 1263 682 1298 et
724 1257 950 1307 barbarus‚’
988 1257 1046 1298 sie
1088 1257 1159 1298 ille
1204 1256 1438 1305 Bentleius,
1475 1255 1548 1297 sed
1589 1270 1673 1296 non

133 1325 334 1367 omnibus
361 1326 582 1381 persuasit.
644 1340 733 1367 rem
760 1326 935 1381 propius
959 1325 1193 1366 uideamus.
1254 1324 1333 1366 sub
1356 1325 1530 1379 Cepheo
1559 1324 1673 1365 nasci

133 1395 239 1436 dicit
282 1395 485 1436 Manilius
526 1401 571 1436 et
611 1395 794 1449 tragicos
835 1395 1060 1450 scriptores
1101 1394 1368 1447 (459—471)
1410 1401 1453 1435 et
1493 1394 1673 1435 comicos

132 1462 413 1517 (471—477).
473 1463 550 1504 hoc
581 1463 624 1504 in
657 1463 902 1505 auctoribus
935 1463 1167 1519 diligenter
1197 1471 1414 1504 seruatum
1444 1462 1672 1503 discrimen

133 1547 209 1573 cur
244 1547 330 1573 non
363 1532 408 1573 in
439 1532 655 1574 actoribus
686 1532 900 1573 seruarit?
971 1532 1164 1573 seruauit
1194 1532 1342 1581 credo3
1377 1531 1451 1572 sed
1482 1530 1672 1572 aboleuit

135 1601 203 1643 uel
243 1609 362 1644 aetas
395 1603 463 1643 uel
495 1616 624 1643 casus.
686 1608 781 1656 post
812 1607 975 1656 toyatzcs
1004 1602 1094 1642 siue
1125 1607 1287 1656 toyatas
1320 1600 1440 1641 malis
1469 1602 1586 1653 (nam
1618 1599 1671 1640 de

132 1670 211 1712 hoc
232 1670 406 1726 quidem
430 1670 649 1712 liberrima
672 1685 773 1712 sane
799 1670 1053 1712 coniectatio
1075 1672 1158 1724 est)
1182 1670 1269 1711 hiat
1298 1669 1442 1710 oratio,
1494 1669 1671 1710 lacunae

131 1739 252 1794 signo
289 1746 385 1794 post
423 1754 595 1780 uersum
632 1740 782 1794 posito,
815 1739 981 1794 reliqua
1016 1740 1106 1780 sine
1142 1738 1375 1780 offensione
1413 1744 1456 1779 et
1494 1737 1671 1778 Manilio

132 1809 286 1864 utique
307 1807 559 1862 dignissima
579 1814 693 1850 sunt.

219 1923 251 1955 V
281 1914 366 1956 494

247 2010 431 2051 cumque
463 1995 685 2036 hominum
716 1994 885 2036 dederit
915 2000 1078 2051 strages
1106 1993 1227 2036 dabit
1258 1993 1330 2035 ille
1362 1994 1555 2035 ferarum.

220 2099 349 2141 huius
377 2112 526 2140 uersus
547 2096 806 2139 emendandi
829 2096 944 2138 uiam
975 2096 1332 2151 prae1nonstrauit
1362 2096 1576 2145 Bau-thius,
1598 2096 1672 2151 qui

130 2169 293 2213 deem'nt
323 2171 448 2224 (puto
480 2167 683 2220 deerant)
713 2168 973 2208 coniectasse
1002 2166 1170 2208 dicitur.
1231 2166 1396 2206 facilius
1424 2176 1488 2207 est
1517 2177 1670 2207 DERIT.

130 2244 294 2293 strages
329 2237 506 2279 fortasse
542 2236 598 2278 ab
639 2242 811 2277 auctore
849 2243 913 2277 est
951 2235 1149 2291 quamuis
1189 2240 1374 2290 strayeiil
1411 2234 1668 2275 concinnius.

129 2314 278 2349 contra
317 2305 540 2348 Bentleius
573 2310 755 2354 ‘versus,
786 2303 946 2360 opinor,
982 2303 1152 2359 spurius
1187 2303 1447 2344 sententiam
1485 2302 1669 2343 mediam

130 2374 471 2431 interrumpens.’
545 2375 858 2430 interrumpere
884 2373 1108 2414 fatendum
1138 2379 1212 2414 est.
1274 2387 1403 2428 quare
1425 2379 1573 2413 anteat
1596 2371 1670 2427 qui

129 2459 245 2487 nunc
280 2444 476 2500 sequitur
511 2457 685 2494 uersus3
727 2442 835 2483 nihil
871 2441 956 2483 iam
994 2440 1120 2482 uideo
1156 2439 1270 2496 quod
1301 2441 1344 2481 in
1381 2455 1430 2481 eo
1462 2440 1670 2495 culpetur,

129 2513 205 2570 qui
224 2513 286 2555 sic
306 2528 404 2555 cum
425 2512 578 2554 ceteris
599 2511 867 2554 cohaerebit:

246 2611 362 2653 illius
393 2611 438 2652 in
469 2611 593 2653 terris
624 2609 800 2651 orientis
832 2615 1024 2664 tempore
1056 2613 1184 2649 natus
1587 2609 1670 2648 492

250 2681 303 2723 ad
335 2680 472 2736 spolia
501 2686 546 2722 et
576 2686 722 2735 partas
753 2684 901 2734 surget
932 2677 1002 2718 uel
1032 2677 1160 2718 caede
1191 2677 1360 2732 rapinas

247 2765 326 2792 nec
358 2764 504 2806 pacem
537 2764 562 2790 a
592 2748 716 2797 bello,
747 2747 887 2789 ciuem
919 2746 1131 2788 discernet
1163 2745 1217 2786 ab
1251 2746 1381 2795 hoste,
1587 2748 1669 2787 495

247 2834 432 2876 cumque
465 2819 688 2860 hominum
722 2827 860 2858 DERIT
890 2823 1065 2872 strages,
1097 2814 1218 2856 dabit
1249 2814 1320 2856 ille
1353 2814 1534 2855 ferarum
1586 2815 1670 2856 494

248 2888 339 2946 ipse
369 2888 451 2930 sibi
483 2888 552 2929 lex
585 2893 659 2929 est.
