1966 3329
287 206 308 242 [Ο

316 205 336 240 [0

785 206 841 244 ‚Sl
843 208 875 244 L
888 207 917 245 V
916 207 947 243 A
989 206 1035 243 M
1039 208 1067 244 A
1076 206 1143 244 Nl
1146 207 1177 244 L
1184 208 1208 244 I
1209 208 1240 244 A
1248 206 1332 244 NA.

380 329 487 370 nihil
525 330 676 371 minus.
738 330 800 371 ita
836 330 952 371 enim
990 345 1071 371 non
1105 329 1350 371 conduntur
1381 343 1478 369 cum
1511 328 1614 370 luna
1645 333 1706 378 ut,
1736 342 1833 369 cum

291 398 394 439 luna
409 398 629 448 condatur,
647 405 739 440 tum
759 398 934 439 demum
957 404 1203 453 appareant.
1259 397 1337 439 hoc
1359 397 1512 452 corrigi
1535 397 1706 452 poterit,
1722 396 1758 438 si
1775 396 1838 437 ita

293 466 565 509 distinxeris:
599 472 741 509 ‘certa
762 467 907 509 nitent
929 467 1090 509 mundo
1113 483 1209 508 cum
1234 468 1348 517 luna,
1374 467 1572 509 conditur
1600 481 1725 508 omne
1753 464 1758 521 Ι
1786 470 1838 507 st.

292 535 344 576 u.'
390 537 461 577 sed
480 536 583 590 quia
599 551 693 578 cum
711 536 812 577 luna
834 550 918 590 quo
941 536 1031 577 1000
1053 536 1096 576 111
1119 537 1335 591 superiore
1354 551 1478 577 uersu
1499 535 1671 591 legitur,
1688 534 1838 576 eodem

293 605 383 646 loco
412 606 456 645 in
484 606 561 646 hoc
591 606 797 647 iteratum
827 605 1115 660 suspicionem
1146 606 1288 655 habet,
1320 606 1494 647 fortasse
1521 604 1838 646 emendandum

296 686 394 716 Tam
423 675 583 725 lunam
620 675 698 715 hoc
728 680 805 724 est,
828 675 932 715 luna
961 675 1106 716 condit
1135 676 1281 716 stellas
1305 676 1374 717 uel
1396 676 1499 717 facit
1521 681 1570 716 ut
1591 675 1840 716 condantur.

294 744 347 785 de
370 744 520 785 datiuo
544 743 643 785 uide
666 759 775 799 quae
798 744 852 785 ad
876 755 911 784 ΙΙ
936 747 1016 786 535
1041 744 1125 785 iam
1149 745 1350 786 diximus.

382 858 399 887 1
432 846 601 889 637—9

1024 943 1096 970 seu
1131 929 1167 969 si
1198 929 1295 983 quis
1328 929 1437 970 Eoos

471 1012 545 1038 seu
578 996 690 1051 petit
723 995 968 1051 HesperiOS,
1002 1011 1132 1051 supra
1162 1011 1206 1038 se
1238 997 1416 1038 circinat
1447 997 1594 1038 orbem

472 1065 708 1107 uerticibus
739 1080 867 1120 super
897 1065 1143 1107 adstantem
1176 1072 1213 1108 et
1243 1082 1278 1122 q.
1310 1082 1340 1109 8.

387 1162 428 1202 in
473 1162 554 1204 637
599 1176 671 1204 8011
710 1162 802 1215 (1101
845 1164 934 1215 cens)
976 1163 1014 1204 81
1061 1163 1155 1218 quis
1205 1163 1382 1212 codices,
1431 1168 1552 1204 ‘narn
1603 1177 1678 1203 seu
1725 1162 1844 1216 quis'

301 1231 526 1273 Bentleius
544 1247 552 1282 ;
584 1231 657 1272 sed
679 1231 845 1272 facilius
876 1236 919 1272 et
948 1232 1146 1287 argutius
1168 1244 1241 1274 SIC
1260 1244 1349 1273 ΒΕΓ
1368 1232 1471 1287 quis.
1534 1230 1847 1285 σιΎματισμόν,

301 1301 412 1342 sicut
434 1300 568 1349 uides,
591 1301 659 1341 hic
681 1306 871 1341 sectatur
894 1301 1109 1342 Manilius.

382 1406 406 1436 Ἰ
439 1394 521 1437 778
555 1409 642 1450 sqq.

477 1475 797 1531 Tarquinioque
830 1475 974 1517 minus
1006 1491 1125 1531 reges
1157 1482 1201 1518 et
1234 1476 1416 1518 Horatia
1448 1477 1597 1533 proles,

480 1552 570 1588 tota
600 1546 711 1587 acies
743 1551 903 1600 partus.
955 1560 1033 1587 nec
1064 1561 1148 1587 non
1181 1551 1225 1587 et
1257 1546 1466 1588 Scaeuola
1496 1552 1647 1587 trunco

478 1615 671 1665 nobilior,
703 1615 924 1670 maiorque
956 1614 1061 1655 uiris
1094 1620 1139 1656 et
1173 1615 1336 1657 Cloelia
1367 1615 1499 1671 uirgo.

393 1718 479 1754 tota
500 1712 610 1754 acies
631 1718 792 1767 pcto-tus.
855 1713 889 1753 si
911 1712 1055 1767 plures
1076 1712 1203 1753 simul
1227 1712 1318 1753 nati
1337 1711 1617 1766 intellegendi
1634 1718 1747 1762 sunt,
1763 1727 1848 1753 non

306 1781 458 1823 debuit
487 1781 634 1823 abesse
663 1782 820 1823 ‘unus'
893 1783 998 1838 quid
1027 1782 1142 1837 quod
1171 1783 1260 1837 ipse
1296 1783 1499 1823 Manilius
1527 1782 1610 1823 alio
1633 1783 1753 1823 ducit
1775 1783 1849 1837 qui

307 1863 356 1893 IV
379 1854 433 1893 34
457 1866 514 1906 sq.
538 1851 640 1892 haec
658 1851 789 1893 habet
805 1856 990 1907 ‘tresque
1008 1852 1087 1893 sub
1105 1852 1233 1892 unius
1251 1853 1401 1893 fratres
1423 1851 1590 1893 uirtute
1612 1851 1803 1892 iacerent
1819 1851 1847 1907 ιΙ

307 1922 427 1962 nulla
457 1922 567 1963 (10108
600 1921 707 1962 uicit
739 1922 968 1963 tantum'2
1029 1922 1302 1963 scribendum
1340 1922 1473 1977 igitur
1509 1934 1605 1963 PER
1649 1934 1760 1964 TRIS.
1814 1938 1851 1978 p

308 1991 611 2046 compendium
647 1997 692 2032 et
720 2006 827 2046 par·
864 1998 909 2032 et
944 2006 1042 2046 per·
1081 1991 1322 2048 significare
1359 1998 1511 2032 notum
1554 1997 1642 2042 est;
1693 1998 1737 2033 et
1772 1992 1853 2034 tris

310 2060 592 2109 accusatiuus,
614 2059 730 2114 apud
751 2060 982 2100 Manilium
1004 2060 1237 2109 sollemnis,
1259 2074 1312 2100 ne
1334 2059 1387 2100 de
1409 2059 1501 2114 ipsa
1523 2059 1852 2114 praepositionis

310 2130 589 2186 usurpatione
618 2129 759 2171 dicam
787 2129 840 2171 de
863 2145 948 2185 qua
969 2130 1258 2184 copiosissime
1281 2130 1370 2186 egit
1392 2129 1574 2171 Iacobus
1596 2130 1709 2183 (Ind.
1730 2145 1760 2172 8.
1782 2131 1852 2183 u.).

396 2200 614 2254 maiorque
638 2199 747 2240 uiris
775 2204 812 2240 et
842 2198 1003 2241 Cloelia
1031 2199 1164 2254 111190.
1195 2199 1273 2239 hoc
1302 2205 1340 2241 et
1361 2199 1629 2240 Monacensis
1650 2204 1854 2254 praestat,

310 2276 361 2312 ut
401 2270 506 2311 alibi
546 2284 726 2325 quoque,
767 2270 1033 2324 interpolans
1072 2270 1144 2310 uel
1186 2269 1341 2310 saltem
1382 2284 1434 2310 ex
1471 2283 1597 2310 uersu
1636 2269 1853 2324 superiore

311 2337 526 2387 hauriens,
557 2337 713 2379 cocolict
744 2352 845 2378 uero
877 2337 926 2386 G,
962 2337 1006 2386 L,
1039 2336 1085 2386 C,
1120 2337 1358 2391 profectum
1392 2352 1443 2377 ex
1475 2336 1642 2386 cocolia,
1673 2336 1752 2378 hoc
1787 2342 1854 2378 est

313 2418 400 2456 QVO
430 2405 614 2457 Oleria3
645 2420 784 2460 neque
814 2405 928 2446 enim
959 2405 1117 2446 ‘maior
1145 2405 1271 2446 uiris'
1302 2411 1394 2446 erat
1425 2404 1600 2455 Cloelia,
1622 2405 1696 2460 qui
1722 2408 1854 2460 pote?

271 2529 273 2531 Ι
312 2491 422 2531 quae
444 2490 541 2516 cum
563 2480 571 2495 ‘
589 2474 758 2515 Mucius
780 2474 1032 2515 uulneribus
1053 2473 1192 2515 uictor
1214 2474 1364 2514 urbem
1387 2474 1623 2528 repetisset,
1646 2473 1855 2515 Horatius

312 2546 427 2587 solus
456 2544 661 2600 oppositis
687 2544 816 2585 armis
838 2550 1014 2599 pontem
1037 2544 1274 2598 urbemque
1297 2543 1425 2584 simul
1448 2541 1691 2592 clausisset?
1714 2548 1764 2584 ut
1791 2543 1854 2585 ait

315 2613 532 2663 Manilius,
553 2614 646 2668 ipsa
666 2619 840 2655 tantum
864 2612 1033 2654 foedera
1059 2612 1321 2653 transnando
1349 2612 1511 2652 flumen
1539 2611 1750 2666 rupisset3
1781 2612 1856 2654 sed

314 2683 419 2724 uiris
460 2689 553 2724 erat
593 2682 728 2723 maior
768 2696 817 2722 eo
858 2680 972 2736 quod
1013 2681 1135 2736 uirgo
1177 2686 1279 2722 erat.
1345 2695 1445 2721 nam
1491 2680 1672 2721 feminas
1717 2681 1855 2722 multo

315 2752 592 2794 imbecilliore
615 2766 705 2793 esse
726 2751 899 2808 ingenio
921 2766 1051 2806 quam
1073 2751 1187 2792 uiros
1217 2750 1423 2791 Manilius
1451 2749 1532 2791 sibi
1562 2756 1855 2805 persuaserat3

315 2823 429 2877 quod
463 2822 533 2863 uel
566 2837 617 2863 ex
653 2833 683 2861 V
722 2824 804 2863 180
840 2836 897 2876 sq.
931 2827 1054 2876 patet
1091 2821 1447 2875 ‘uincentemque
1490 2821 1603 2861 uiros
1645 2826 1689 2861 et
1725 2835 1855 2875 quem

317 2891 507 2946 potuisse
533 2890 678 2931 uidere
706 2890 711 2945 Ι
740 2891 908 2946 uirgine
932 2890 1070 2931 maius
1093 2896 1185 2931 erat
1207 2896 1471 2931 sternentem
1494 2889 1673 2930 uulnere
1695 2889 1854 2944 primo.’
