1981 3334
618 234 675 271 Sl
678 234 708 271 L
722 234 779 271 1⁷11
825 234 900 271 MA
911 234 979 271 XI
983 235 1009 271 L
1018 235 1041 272 I
1042 237 1069 272 A
1081 235 1160 273 NA.
1609 243 1626 277 4
1635 241 1656 277 9

204 354 363 396 ‘artes'
389 355 442 395 ab
471 354 739 409 ‘ingenerat’
762 357 821 409 (u.
845 355 948 403 272)
975 356 1144 410 pendet.
1207 357 1317 398 idem
1347 373 1371 398 a
1397 359 1658 400 ‘subdere—

118 421 296 465 ducere’
319 432 362 465 et
384 440 422 479 q.
444 438 472 464 s.
498 422 749 478 explicatur.

205 525 235 554 v
267 516 361 556 302.

391 589 680 644 mittebatque
712 604 810 630 suos
841 589 962 645 ignes
994 596 1039 631 et
1071 591 1187 633 mille
1218 593 1382 634 carinis.

203 674 307 716 haec
343 674 592 716 emendasse
629 675 804 717 uidetur
841 676 1016 717 Ellisius
1052 678 1212 732 scripto
1247 679 1474 721 ‘mittebat
1511 695 1660 721 saeuos

116 743 230 800 ignis
250 743 325 799 qui
349 744 466 785 mille
488 744 666 786 carinis.’
711 759 808 786 nam
829 745 911 800 qui,
926 752 1066 801 quaet
1083 747 1206 788 facile
1229 747 1342 789 iuter
1363 763 1406 789 se
1428 763 1452 789 a
1477 748 1660 789 librariis

116 810 452 859 confunduntur,
482 811 603 853 facile
639 813 768 854 etiam
809 813 915 854 illud
951 828 1068 855 senos
1102 814 1143 854 in
1182 830 1278 856 snos
1305 815 1524 857 abiturum
1555 823 1657 858 erat.

117 880 230 936 quod
281 896 382 923 uero
433 881 485 922 ad
538 882 801 923 sententiam
848 883 1020 931 attinet,
1062 885 1234 925 omnino
1275 886 1554 927 conserendus
1596 892 1660 927 est

118 950 306 992 Nasonis
342 951 469 1000 locus,
506 951 677 994 Metam.
718 955 781 994 13.
821 955 870 994 91
907 968 1007 1008 sqq,
1045 953 1120 995 ubi
1158 954 1289 995 habes
1326 970 1408 995 non
1446 956 1658 996 Teucrum

117 1020 190 1062 sed
228 1021 380 1062 Teucri
417 1022 617 1063 comitem
651 1022 826 1063 Aiacem
863 1023 1032 1064 easdem
1066 1023 1147 1064 sibi
1185 1023 1332 1065 laudes
1367 1023 1656 1079 adrogantem.

117 1090 152 1131 si
189 1090 325 1132 credis
361 1091 550 1146 aliquem
587 1091 693 1133 haec
730 1107 782 1133 ex
821 1092 981 1133 Ouidio
1015 1099 1188 1148 sumpta
1224 1093 1306 1134 huc
1340 1093 1548 1141 intulisse,
1582 1093 1661 1141 dic,

117 1174 287 1216 quaeso,
309 1174 384 1202 cur
404 1160 594 1202 fabulam
617 1161 856 1203 mutauerit
874 1164 887 1202 ἲ

206 1257 238 1286 v
269 1247 352 1289 319
375 1261 434 1302 sq.

379 1335 464 1362 non
495 1321 569 1362 illo
600 1336 740 1363 coram
772 1321 930 1377 digitos
962 1322 1225 1377 quaesiuerit
1258 1322 1381 1364 hasta

380 1390 650 1446 defueritque
682 1389 804 1431 bonis
835 1395 981 1432 sector.

206 1476 265 1517 sic
286 1476 417 1530 uulgo
442 1491 538 1517 cum
567 1475 764 1518 Bentleio
793 1475 961 1530 legitur.
1023 1474 1096 1516 sed
1122 1475 1286 1517 codices
1307 1476 1440 1531 dissito
1461 1477 1534 1531 qui
1553 1478 1660 1532 (que,

118 1547 221 1601 qua)
242 1546 400 1588 iuuerit
420 1546 634 1601 (quiuerit,
656 1546 834 1597 iuuerit)
857 1545 1045 1587 tradunt.
1107 1560 1154 1586 ac
1186 1545 1319 1600 diyito
1346 1545 1518 1600 quidem
1545 1552 1659 1586 recte

119 1630 163 1658 se
195 1615 354 1658 habere
385 1615 532 1658 docuit
566 1616 741 1657 Ellisius
771 1614 889 1657 Noct.
926 1615 1042 1657 Μαη.
1082 1630 1119 1670 p.
1155 1617 1262 1666 180;
1307 1629 1358 1656 ex
1395 1615 1547 1656 ceteris
1580 1626 1659 1655 RE-

123 1696 384 1734 QVIEVERIT
420 1685 543 1726 facile
581 1684 786 1726 elicueris.
847 1699 945 1725 nam
983 1699 1047 1726 re·
1084 1684 1128 1724 in
1164 1683 1380 1724 codicibus
1417 1683 1530 1724 haud
1568 1698 1659 1724 raro

122 1754 356 1804 intercidit,
389 1754 501 1796 unde
538 1754 709 1796 Grattio
745 1755 871 1806 (482)
908 1753 1172 1795 reddendum
1213 1752 1503 1807 ‘supplicibus
1540 1767 1659 1794 reuo-

121 1824 259 1866 canda
279 1825 406 1866 sacris
429 1824 568 1866 tutela
589 1823 765 1865 deorum
782 1824 800 1865 ’.
858 1823 1005 1878 digito,
1023 1823 1101 1864 hoc
1119 1832 1184 1863 est
1201 1821 1451 1869 licitatione,
1466 1828 1660 1862 cessante

121 1893 352 1949 requiescit
372 1893 507 1934 hasta.

209 1985 239 2014 v
271 1976 355 2017 338
387 1989 445 2029 sq.

353 2052 424 2094 hic
454 2052 645 2094 distante
677 2052 787 2107 Lyra
819 2066 915 2092 cum
947 2065 1044 2106 pars
1074 2050 1278 2092 uicesima
1308 2056 1428 2091 sexta

357 2121 590 2165 Chelarum
621 2127 768 2176 surget
799 2135 909 2176 quae
940 2135 1098 2161 cornua
1127 2119 1254 2160 ducet
1285 2119 1329 2160 in
1361 2124 1483 2159 astra.

210 2208 447 2250 uicinorum
491 2222 693 2249 uersuum
729 2207 836 2248 fines
875 2206 990 2248 inter
1031 2221 1074 2247 se
1115 2205 1368 2261 migrarunt,
1403 2204 1455 2245 de
1492 2219 1577 2259 qua
1618 2218 1660 2244 re

123 2276 380 2320 conferenda
410 2291 520 2333 quae
556 2276 609 2318 ad
652 2287 706 2317 111
740 2275 824 2318 374
849 2290 936 2330 sqq.
969 2275 1174 2316 adnotata
1204 2279 1316 2322 sunt,
1348 2278 1397 2314 ut
1429 2272 1661 2313 rectissime

122 2347 333 2390 iudicauit
355 2346 554 2400 Scaliger.
612 2359 770 2386 cornua
791 2344 905 2386 enim
927 2344 1038 2399 Lyra
1059 2343 1201 2392 habet,
1224 2343 1349 2383 Libra
1372 2342 1461 2394 (uel
1484 2340 1664 2391 Chelae)

125 2431 209 2458 non
251 2415 392 2457 habet.
454 2420 569 2456 recte
611 2414 743 2455 etiam
785 2412 898 2454 idem
941 2412 1023 2453 ‘sic
1065 2411 1254 2454 dictante
1297 2410 1430 2465 Lyra'
1471 2409 1664 2457 correxit,

123 2486 173 2528 cf.
213 2497 247 2527 11
284 2484 381 2534 407,
418 2496 467 2525 IV
506 2483 598 2532 177,
637 2485 719 2525 569
754 2488 798 2524 et
832 2497 940 2538 quae
976 2497 1058 2522 non
1094 2481 1231 2522 multo
1262 2480 1388 2520 aliter
1418 2479 1663 2534 Propertius

124 2554 236 2596 dixit
256 2555 313 2608 (4.
338 2557 372 2595 1.
398 2554 510 2605 133).
572 2552 681 2593 male
703 2558 849 2592 tamen
874 2550 973 2592 fecit
996 2549 1108 2605 quod
1137 2563 1284 2590 uersus
1311 2547 1509 2588 distraxit
1539 2546 1662 2587 meri-

124 2630 253 2680 toque
283 2624 336 2666 ob
365 2622 408 2665 id
437 2623 578 2678 ipsum
611 2636 636 2662 a
661 2620 859 2662 Bentleio
884 2626 1058 2661 notatus
1087 2624 1163 2660 est.
1225 2618 1380 2658 frustra
1407 2617 1505 2657 fecit
1532 2616 1661 2657 etiam

125 2693 307 2735 Iacobus
343 2707 438 2734 cum
478 2705 650 2732 uersum
685 2692 769 2731 338
805 2688 858 2730 ad
890 2688 1031 2743 priora
1062 2687 1349 2742 pertinentem
1387 2683 1664 2739 sequentibus

124 2762 383 2804 adnecteret.
445 2766 678 2814 utrumque
704 2758 876 2806 scilicet,
898 2756 1011 2811 quod
1033 2761 1207 2803 ceteros,
1228 2754 1380 2795 fefellit
1402 2759 1497 2808 post
1520 2767 1556 2793 u.
1580 2754 1664 2794 340

126 2830 241 2872 haud
275 2844 431 2886 paucos
461 2827 726 2870 intercidisse
759 2840 919 2875 uersus,
949 2824 1107 2879 quibus
1139 2822 1379 2877 expositum
1413 2827 1523 2862 esset
1555 2835 1663 2875 quae

127 2899 254 2942 stella
285 2913 381 2940 cum
416 2903 537 2954 parte
575 2906 727 2937 XXVIa
759 2894 914 2935 Librae
951 2898 1143 2948 surgeret
1176 2897 1219 2932 et
1262 2896 1458 2931 natorum
1498 2888 1578 2929 sub
1615 2903 1665 2929 ea

239 2996 271 3025 P.
294 2995 333 3024 Μ.
1533 2975 1555 3011 4
