1981 3334
599 228 684 264 .le
698 227 754 264 VA
804 228 875 264 ,ΙΙΛ
889 228 1043 266 XILIA
1055 230 1138 267 NA.
1584 240 1631 271 :523

102 352 220 389 totus
255 348 466 390 abhorret.
527 349 697 405 scripsit
729 365 799 390 eas
832 351 1005 391 fortas-s«-
1043 351 1253 399 Manilius.
1287 354 1363 394 hoc
1402 356 1488 396 loco
1519 368 1631 398 cert«-

99 431 183 458 non
206 418 384 473 scripsit.
438 418 577 460 obiter
605 426 705 460 noto
736 420 777 460 in
809 419 936 461 huius
962 420 1057 462 libri
1087 422 1258 463 exordio
1281 438 1362 464 non
1387 440 1519 480 pauca
1552 427 1631 467 Lu—

96 486 287 529 cretiana
314 503 416 534 esse,
438 504 489 530 ex
520 488 634 530 illius
658 489 754 530 libri
784 490 959 530 secundi
989 490 1229 546 desumpta,
1258 508 1366 547 quac
1396 509 1458 533 res
1490 495 1630 536 Iac-obi

93 554 382 597 coniecturam
413 562 523 598 totne
551 571 626 612 pro
653 562 791 611 totque
822 572 859 598 u.
893 561 943 598 14
973 558 1156 613 quodam
1189 559 1446 601 adminiculo
1480 563 1630 604 tii-mat.

95 623 154 666 sic
181 625 296 665 enim
326 632 369 666 et
400 625 626 666 Lucretius
650 641 686 668 u.
713 629 763 668 16
787 628 954 679 (‘oniue
986 628 1257 675 ui‹lc1·e!’)et
1285 629 1485 671 Manilius
1514 631 1554 671 iu
1587 648 1628 672 rc

94 693 244 736 eadem
267 693 416 736 eodem
441 694 565 736 modo
587 695 852 736 infinitiuum
876 696 1140 738 admirantes
1161 697 1427 740 adhiberent.

181 795 229 826 IV
252 787 307 827 43
329 799 416 840 sqq.

265 864 374 906 adde
406 865 537 906 etiam
570 865 742 907 Italicas
773 868 884 909 acies
916 868 1182 923 Romamque
1214 870 1393 911 suismet

268 943 538 990 pugnantem
572 935 797 985 memb1·is;
838 937 956 978 adice
988 944 1030 978 et
1062 938 1207 979 ciuilia
1238 939 1348 980 bella

266 1011 311 1045 et
332 1002 557 1047 Cimbrum
580 1005 622 1046 in
649 1005 784 1046 Mario
807 1006 1078 1061 Mariumque
1102 1007 1143 1047 in
1167 1022 1330 1049 carcere
1353 1008 1517 1049 uictum
1574 1013 1626 1050 45

265 1074 379 1130 quod
411 1074 558 1115 consul
590 1075 750 1116 totiens
782 1076 879 1116 exul
912 1075 1050 1130 deque
1083 1077 1206 1118 exule
1238 1077 1383 1118 consul

265 1142 456 1185 adiacuit
488 1143 658 1199 Libycis
689 1159 861 1199 compar
892 1145 1054 1186 iactura
1085 1145 1219 1186 ruinis

266 1226 375 1268 eque
407 1212 700 1268 crepidinibus
730 1214 845 1269 cepit
878 1213 1153 1270 Carthaginis
1184 1229 1310 1256 arces,

179 1303 224 1344 in
247 1304 301 1344 43
324 1304 611 1345 certissimum
635 1311 699 1346 est
727 1306 856 1347 italas
885 1305 999 1361 quod
1024 1306 1168 1360 plures
1195 1307 1358 1348 codices
1388 1307 1547 1348 habent
1576 1322 1626 1348 ex

90 1371 265 1414 italicas
287 1372 572 1428 deprauatum
591 1387 691 1415 esse.
735 1389 833 1414 nam
849 1374 900 1415 de
920 1374 1069 1415 Italico
1087 1375 1179 1416 siue
1197 1375 1339 1416 sociali
1358 1375 1469 1416 bello
1491 1391 1627 1417 sermo

92 1446 167 1482 est.
229 1445 377 1482 utrum
410 1441 521 1483 uires
549 1456 601 1482 an
632 1442 742 1484 acies
769 1442 919 1495 (italas
947 1443 1056 1484 acies
1081 1443 1196 1483 Voss.
1222 1454 1255 1483 ΙΙ
1278 1450 1321 1484 et
1345 1443 1625 1497 Matritensis)

90 1509 333 1566 legendum,
376 1510 564 1552 dubitari
612 1517 773 1566 potest:
827 1511 937 1552 male
983 1518 1097 1552 certe
1146 1512 1464 1553 Gemblacensis
1514 1513 1627 1555 uires

88 1579 232 1628 italas,
255 1580 381 1622 metri
404 1595 530 1621 causa
555 1580 849 1635 interpolatus.
913 1596 1000 1622 rem
1029 1582 1164 1636 magis
1191 1581 1366 1622 dubiam
1390 1582 1491 1623 facit
1513 1582 1624 1637 quod

90 1648 135 1690 in
164 1648 321 1690 ‘acies'
351 1664 402 1690 ex
431 1649 643 1691 ‘italicas'
673 1650 788 1691 nasci
817 1650 1016 1705 potuerit.
1080 1650 1131 1691 de
1161 1665 1199 1691 u.
1224 1654 1276 1691 45
1301 1651 1522 1692 Bentleius
1545 1650 1625 1691 ‘sic

89 1718 235 1773 scripti
277 1733 424 1760 omnes
465 1719 680 1774 editique;
729 1733 867 1774 neque
906 1719 1042 1767 miror,
1082 1719 1114 1759 si
1150 1719 1274 1760 lectio
1311 1719 1448 1773 prima
1488 1719 1624 1759 fronte

90 1788 279 1843 speciosa
315 1788 482 1829 tamdiu
524 1789 670 1830 fucum
712 1788 1020 1842 interpretibus
1062 1787 1170 1829 fecit.
1239 1787 1403 1829 Cimbri
1445 1788 1558 1828 enim
1601 1801 1625 1827 a

91 1857 228 1898 Mario
256 1857 360 1899 victi
388 1865 502 1907 sunt,
530 1864 574 1899 et
606 1857 769 1898 Marius
798 1857 1032 1898 Minturnis
1063 1857 1107 1897 in
1139 1871 1304 1897 carcere
1328 1855 1476 1910 jacuit.
1539 1855 1624 1896 Sed

91 1926 159 1968 dic
190 1926 315 1969 modo
344 1941 504 1975 verum,
536 1927 604 1967 An
637 1926 797 1968 bellum
829 1926 1105 1976 Cimbricum,
1137 1925 1244 1966 duce
1276 1924 1412 1966 Mario
1443 1931 1625 1980 gestum,

90 1996 215 2038 civile
241 1996 336 2047 fuit,
364 2003 414 2038 ut
439 1996 654 2038 sententia
682 1996 750 2037 hic
775 1996 997 2052 postulat?
1052 2010 1105 2036 an
1130 1994 1290 2035 Marius
1320 1994 1457 2035 victus
1485 2000 1548 2034 est
1581 1993 1623 2033 in

75 2081 280 2119 carcere3
309 2067 383 2122 qui
409 2066 509 2108 inde
531 2065 741 2115 dimissus,
766 2065 889 2106 victis
919 2065 1104 2105 adversis
1131 2063 1333 2118 partibus,
1356 2063 1623 2103 consulatum

90 2137 323 2192 septimum
345 2136 527 2191 adeptus
553 2142 619 2177 est
635 2136 672 2175 2'
734 2135 838 2176 haec
864 2134 998 2175 nihilo
1024 2133 1163 2174 minus
1192 2132 1342 2173 ceteris
1374 2130 1624 2186 persuadere

89 2205 242 2246 debuit
278 2205 511 2253 Benffleius,
545 2204 644 2245 licet
687 2203 800 2258 quod
836 2203 927 2258 ipse
959 2202 1222 2257 excogitauit
1254 2206 1320 2241 ‘et
1358 2199 1540 2242 Cinnam
1579 2199 1621 2239 in

94 2274 227 2316 Mario
261 2274 530 2328 Mariumque
554 2273 595 2313 in
626 2272 830 2315 Caesare’
861 2277 1033 2327 propter
1062 2270 1200 2311 multa
1227 2268 1503 2324 displicuerit.
1570 2267 1624 2308 ab

91 2343 288 2385 omnibus
310 2342 622 2399 praeteruisum
647 2348 711 2383 est
732 2341 867 2383 uictus
888 2340 957 2381 hic
978 2355 1053 2395 pro
1075 2339 1274 2394 ambiguo
1296 2338 1395 2393 poni
1414 2337 1524 2392 quod
1548 2337 1625 2377 hac

92 2412 147 2454 ad
178 2412 442 2461 uincendum,
478 2412 576 2453 illac
609 2411 661 2452 ad
704 2410 972 2453 mfnciendam
1003 2413 1224 2464 spectaret.
1285 2406 1482 2447 similiter
1512 2405 1625 2460 apud

91 2481 339 2525 Ciceronem
374 2481 558 2523 iozsuictus
593 2495 689 2521 cum
724 2480 776 2520 de
810 2479 882 2520 illo
915 2494 940 2520 a
974 2478 1130 2520 Stoicis
1166 2477 1392 2517 informato
1432 2475 1625 2530 sapiente

91 2549 381 2599 dissereretur,
411 2549 462 2591 de
493 2548 654 2604 finibus
693 2548 782 2590 bon.
823 2553 860 2589 et
901 2546 1000 2587 victl.
1043 2547 1080 2586 3.
1115 2545 1167 2586 75
1203 2549 1335 2585 ‘recte
1369 2543 1484 2584 solus
1520 2543 1627 2583 liber

91 2618 300 2673 [dicitur],
341 2632 418 2659 nec
458 2617 751 2658 dominatione
792 2615 1044 2669 cuiusquam
1086 2627 1238 2668 parens
1279 2626 1355 2652 nec
1400 2609 1627 2651 oboediens

90 2684 340 2740 cupiditati;
381 2689 496 2725 recte
526 2683 723 2731 inuictus,
751 2681 871 2722 cuius
903 2680 1034 2722 etiam
1064 2680 1097 2720 si
1130 2693 1280 2733 corpus
1311 2676 1627 2731 constringatur

91 2753 235 2795 animo
264 2758 409 2794 tamen
439 2751 611 2794 uincula
641 2749 743 2791 inici
774 2749 893 2789 nulla
924 2747 1128 2803 possint.'¹
1191 2751 1336 2788 ‘nactus
1366 2752 1410 2785 et
1442 2749 1626 2792 nanctus,

157 2854 169 2875 ¹
192 2853 257 2886 hoc
274 2853 304 2886 si
321 2863 391 2886 non
407 2853 567 2895 placebit,
584 2852 674 2884 inter
691 2861 726 2883 se
738 2848 995 2891 transponenda
1011 2850 1110 2880 erunt
1126 2846 1230 2879 uerba
1248 2847 1353 2877 ‘recte
1369 2844 1462 2876 solus
1478 2843 1576 2875 liber‘
1593 2847 1628 2876 et

95 2913 102 2926 ¹
115 2911 205 2942 recte
222 2907 399 2941 inuictus.’
441 2907 498 2948 [cf.
519 2916 606 2947 quae
621 2905 770 2937 diximus
786 2904 821 2936 in
837 2902 1058 2944 Appendice.]

201 2991 232 3018 Ρ.
258 2991 297 3018 M.
1497 2971 1518 3006 :3
