1981 3334
592 231 681 270 SIL
695 233 753 270 VA
798 232 1137 272 MANILIANA.
1585 240 1633 276 :30

193 352 254 395 ita
282 353 530 403 Salmasius,
557 369 583 395 a
610 353 837 401 codicibus,
859 354 932 409 qui
961 354 1142 397 decumae
1171 356 1237 397 nol
1267 356 1451 411 deyanue
1479 363 1638 398 testan-

105 427 187 471 tur,
209 422 377 478 longius
398 422 609 464 recedens
669 422 805 464 scribo
830 434 1036 465 DANAAE.

192 524 240 554 1v
263 514 344 555 417

508 593 642 649 partis
672 595 883 650 fugientia
915 596 1096 638 flumina
1126 597 1238 652 ripis,

190 685 451 726 sententiam
482 686 708 727 uerborum
736 686 924 742 dispexit
953 687 1184 737 Breiterus‚
1206 687 1297 743 ipsa
1330 703 1411 728 non
1442 689 1640 730 emenda-

103 754 179 795 uit.
239 753 292 795 de
334 753 585 795 fluminibus
627 761 752 809 poeta
792 755 984 810 loquitur
1025 771 1135 810 quae
1178 756 1366 797 nondum
1410 771 1484 811 per
1520 772 1642 812 agros

101 822 408 878 populabunda
429 830 641 878 uagentur
662 824 735 865 sed
760 825 904 866 emtis
926 824 1028 880 ripis
1050 826 1364 867 contineantur.

190 925 239 955 1v
270 916 355 957 434
386 930 446 971 sq.

274 995 505 1038 incidimus
536 996 570 1037 si
605 996 745 1046 uerba,
777 997 918 1053 piget3
960 996 1034 1038 scd
1064 997 1206 1053 gratia
1236 997 1373 1038 deerit

275 1065 320 1106 in
352 1080 602 1122 uanumque
635 1066 754 1108 labor
785 1067 900 1108 cedit
931 1082 1059 1122 quem
1091 1066 1273 1122 despicit
1303 1067 1428 1108 auris

187 1157 261 1200 sed
283 1157 351 1200 hic
374 1158 540 1200 nullum
565 1159 704 1200 locum
729 1159 869 1201 habet.
930 1159 1145 1201 contraria
1166 1159 1281 1201 enim
1303 1175 1386 1200 non
1410 1166 1510 1201 sunt
1527 1159 1644 1214 piqet

101 1232 146 1268 et
164 1227 313 1282 qratia
334 1227 477 1270 deerit.
539 1227 769 1283 legendum
793 1240 847 1269 Sl.
907 1229 960 1270 de
987 1229 1193 1284 propositi
1223 1228 1361 1283 operis
1389 1228 1643 1269 difficultate

101 1310 286 1351 querens
328 1302 457 1352 poeta
496 1297 618 1351 ‘quin
661 1296 810 1338 etiam'
855 1297 998 1351 inquit
1039 1298 1089 1338 ‘si
1127 1297 1219 1352 ipsa
1257 1297 1389 1338 uerba
1424 1297 1641 1344 inuenero,

100 1364 391 1420 displicebunt
439 1366 629 1415 inuenta,
672 1366 754 1407 nisi
802 1367 943 1422 gratia
991 1381 1161 1422 quoque
1206 1367 1441 1414 accesserit,
1483 1372 1527 1407 ct
1569 1381 1643 1421 pro

101 1434 270 1490 perdito
299 1435 381 1476 erit
407 1435 527 1476 labor
554 1435 627 1489 qui
653 1434 830 1476 auribus
854 1450 937 1475 non
961 1435 1241 1477 satisfecerit'
1301 1435 1569 1490 geminatum
1593 1436 1644 1484 si,

101 1504 215 1545 sicut
234 1504 351 1560 apud
373 1504 558 1560 optimos
587 1505 815 1560 scriptores
841 1505 957 1546 haud
981 1520 1074 1546 raro
1094 1505 1342 1560 geminatur
1362 1506 1429 1558 (cf.
1455 1504 1642 1560 Maduig.

98 1588 163 1628 φ’.
185 1573 277 1616 Lat.
299 1572 319 1630 ξ
340 1575 423 1614 442
436 1576 492 1627 a),
514 1573 708 1615 librarios
730 1589 816 1615 non
839 1574 1103 1615 intellexisse
1125 1573 1327 1615 credibile
1351 1579 1425 1615 est.

191 1682 242 1712 1v
273 1673 356 1713 445

189 1752 633 1794 decuma—decumae
656 1752 710 1793 ab
732 1752 907 1807 optimis
928 1751 1143 1793 codicibus
1165 1749 1470 1806 recipiendum.
1530 1749 1642 1790 idem

103 1821 284 1862 tradunt
316 1821 362 1862 in
396 1836 435 1862 u.
473 1823 556 1862 450
593 1821 710 1874 (bis),
749 1822 848 1869 460,
891 1822 987 1868 462,
1029 1819 1126 1868 470,
1166 1819 1261 1868 472,
1304 1818 1385 1860 487
1428 1818 1645 1860 decumam

103 1889 440 1939 Gemblacensis‚
460 1891 544 1931 495
567 1889 765 1932 decumae
785 1888 900 1930 idem
923 1888 998 1943 qui
1020 1888 1151 1929 etiam
1174 1887 1405 1929 undecuma
1427 1897 1456 1926 V
1481 1886 1545 1927 57.

192 1992 243 2023 1v
266 1983 349 2024 523
370 1995 430 2037 sq.

276 2061 484 2103 accedent
515 2067 559 2103 et
589 2060 699 2102 ruris
731 2075 831 2115 opes
862 2060 1117 2115 propriaque
1150 2059 1381 2100 iuuencum

278 2131 379 2173 dote
411 2146 486 2187 per
517 2130 709 2171 inuersos
741 2135 920 2171 exornat
951 2143 1124 2170 uomere
1156 2142 1336 2182 campos.

191 2224 426 2273 iuuencum,
451 2221 535 2263 nisi
562 2221 670 2263 forte
696 2236 772 2276 pro
802 2228 810 2239 ‘
827 2218 1127 2261 iuuencorum'
1152 2218 1285 2274 (quod
1314 2233 1414 2259 sane
1442 2217 1644 2274 ambiguo

105 2293 281 2349 propius
302 2294 388 2347 est)
409 2291 704 2347 accipiendum
729 2290 960 2338 existimes,
979 2295 1225 2344 corruptum
1249 2288 1477 2329 uidebitur.
1527 2287 1644 2329 sidus

106 2362 222 2404 enim
244 2362 430 2404 homines
451 2360 586 2416 (quod
609 2359 744 2409 facile,
766 2365 817 2400 ut
838 2359 880 2399 in
904 2374 941 2400 u.
967 2360 1061 2408 526,
1083 2358 1326 2413 suppletur)
1354 2371 1429 2412 per
1456 2356 1645 2398 inuersos

106 2446 280 2474 uomere
325 2445 498 2486 campos
538 2429 711 2485 propria
752 2429 850 2470 dote
892 2432 1082 2477 exornat,
1123 2442 1207 2468 non
1248 2426 1452 2468 iuuencos.
1531 2425 1643 2466 haud

106 2502 295 2544 multum
315 2501 514 2543 intererit
533 2500 705 2542 iuuene!
723 2514 777 2541 an
798 2498 843 2540 iu
851 2509 1005 2540 aeneas
1023 2498 1154 2552 legas.

195 2604 246 2634 1v
268 2594 351 2636 599

194 2674 321 2717 alluit
336 2673 429 2716 edd.
447 2671 581 2715 abluit
597 2670 713 2713 codd.
755 2669 891 2711 scribe
908 2668 1063 2711 affluit.
1099 2668 1214 2709 idem
1232 2667 1406 2708 fortasse
1424 2665 1642 2720 Propertio

106 2743 376 2787 reddendum
399 2744 434 2784 2.
459 2743 524 2785 19.
547 2743 600 2784 26
623 2740 698 2782 ubi
720 2739 838 2781 codd.
860 2739 1030 2780 ‘niueos
1052 2737 1188 2779 abluit
1210 2736 1328 2777 unda
1348 2734 1503 2776 boues)

195 2846 247 2877 1v
268 2836 353 2877 602

281 2913 407 2956 laeua
436 2912 536 2954 freti
565 2910 751 2953 caedunt
783 2909 1000 2964 Hispanas
1030 2920 1215 2961 aequora
1244 2905 1386 2960 gentis
