1966 3329
283 203 322 241 vi
648 204 725 243 AD
764 205 1065 245 LECTOREM
1106 205 1212 244 PRA
1221 206 1326 243 EFA
1337 206 1438 245 1⁷10.

283 330 382 367 noto
405 326 490 367 iam
518 333 692 368 auctore
721 332 765 367 et
794 341 873 368 usu
903 326 1025 368 nobis
1054 326 1255 368 familiari
1283 326 1422 381 pietas
1448 340 1544 368 mea
1573 326 1608 368 si
1637 326 1817 368 tacitum

281 401 453 443 omnino
475 401 761 456 praeterirem.
826 417 963 457 nuper
985 401 1192 443 iudicium
1215 401 1267 443 de
1290 407 1417 457 poeta
1440 401 1541 442 tulit
1566 401 1819 442 Mackailius

281 476 326 516 in
355 475 499 517 libello
528 476 666 517 nitido
689 476 741 517 de
771 476 939 518 Latinis
970 476 1125 518 litteris
1149 475 1330 517 Londini
1353 475 1469 517 edito
1493 477 1578 530 (pp.
1606 477 1687 516 158
1711 476 1820 530 sqq.)

282 550 490 605 iustisque
528 565 625 591 eum
669 550 868 592 laudibus
910 557 1158 606 prosecutus
1200 556 1274 592 est.
1336 550 1468 591 durus
1509 564 1609 591 sane
1652 556 1696 590 et
1737 564 1823 590 non

282 639 517 680 numquam
550 640 685 680 paene
718 625 911 666 horridus
943 633 987 667 et
1017 625 1143 667 rebus
1175 632 1219 667 et
1248 625 1390 667 uerbis
1421 625 1650 675 Manilius3
1687 629 1821 665 mate-

282 698 388 740 riam
426 700 619 755 sequitur
654 714 791 755 neque
834 700 885 741 ad
929 700 1231 756 exponendum
1269 700 1372 742 satis
1407 700 1575 741 facilem
1618 706 1662 741 et
1696 699 1824 741 huius

282 773 458 827 quidem
489 774 646 815 saeculi
678 774 924 815 hominibus
952 775 1082 816 uilem
1109 781 1240 831 atque
1270 774 1482 816 abiectam
1499 791 1507 826 ;
1537 789 1675 816 sermo
1698 774 1823 815 modo

282 848 502 902 abruptus,
534 848 660 889 modo
692 848 919 899 diffluens;
957 849 1126 890 numeri
1158 864 1327 904 quoque
1360 849 1577 891 interdum
1615 848 1824 904 incompti

284 923 354 963 uel
386 922 592 964 dissoluti.
654 929 719 964 est
750 930 895 965 tamen
928 923 973 964 in
1006 938 1055 964 eo
1093 924 1238 979 ingeni
1273 939 1383 965 uena
1413 924 1590 965 minime
1624 923 1822 980 uolgaris.

284 998 442 1052 priores
471 1004 548 1040 aut
575 998 782 1054 relinquit
810 1005 885 1040 aut
914 999 958 1040 in
984 999 1194 1041 imitando
1224 1015 1309 1041 non
1339 1006 1428 1041 tam
1461 999 1665 1054 exprimit
1691 1013 1819 1054 quam

283 1071 537 1121 aemulatur,
571 1071 685 1127 quod
716 1072 760 1112 in
796 1072 1025 1114 iudicando
1057 1072 1163 1128 quid
1195 1072 1301 1122 aliis,
1333 1072 1519 1127 exempli
1551 1071 1693 1128 gratia
1725 1072 1825 1113 Pro-

283 1144 434 1199 pertio,
457 1145 667 1194 debuerit,
690 1145 971 1186 utilissimum
995 1145 1076 1187 erit
1098 1145 1285 1200 cognitu.

371 1225 485 1260 certe
516 1233 600 1260 non
629 1219 664 1260 is
693 1226 758 1261 est
787 1219 966 1274 scriptor
996 1219 1070 1274 qui
1101 1226 1245 1261 mente
1274 1226 1405 1275 atque
1434 1220 1579 1260 animo
1610 1219 1665 1261 ad
1691 1234 1826 1261 unum

283 1300 506 1348 tamquam
539 1293 668 1335 finem
701 1293 870 1335 intento
901 1300 945 1335 et
976 1294 1194 1336 colliniato
1231 1294 1437 1336 adhibeat
1473 1310 1582 1350 quae
1614 1295 1666 1336 ad
1702 1295 1822 1336 illum

283 1367 524 1408 feriendum
568 1369 814 1422 pertineant
865 1369 1019 1419 omnia,
1061 1375 1203 1410 cetera
1244 1369 1443 1424 repudiet
1485 1376 1615 1424 atque
1658 1370 1826 1412 abiciat.

284 1441 420 1482 multo
450 1442 586 1497 magis
616 1442 730 1483 illius
760 1443 991 1497 imaginem
1022 1443 1199 1484 reddere
1229 1443 1404 1484 uidetur
1435 1444 1509 1498 qui
1535 1443 1580 1484 ui
1606 1444 1751 1500 aliqua
1782 1459 1827 1486 se

284 1516 373 1571 ipse
406 1517 529 1558 uelut
560 1517 604 1558 in
636 1506 936 1573 artum'cogat
976 1524 1108 1573 atque
1140 1518 1379 1573 conglobet,
1412 1533 1509 1558 mox
1552 1519 1827 1560 concitatiore

284 1607 366 1647 quo
394 1592 476 1633 fors
505 1592 613 1634 feret
641 1593 808 1648 impetu
840 1599 1052 1648 erumpat.
1116 1593 1223 1634 talis'
1243 1599 1308 1634 est
1335 1592 1483 1648 ingeni
1512 1593 1651 1635 multa
1682 1594 1826 1635 turba-

285 1666 383 1716 tius,
423 1667 562 1708 multa
602 1667 762 1716 durius,
798 1667 871 1708 sed
909 1667 1175 1723 populariter
1210 1682 1346 1722 paene
1383 1667 1492 1708 nihil
1529 1674 1573 1709 et
1611 1668 1830 1723 complura

283 1741 415 1783 etiam
439 1741 653 1796 praeclare
675 1741 826 1783 dicere.

373 1830 503 1871 quam
535 1817 746 1871 exquisite
779 1815 890 1857 dixit
920 1816 973 1857 de
1003 1816 1143 1858 lactea
1172 1816 1243 1857 uia
1275 1816 1499 1857 hominum
1532 1817 1674 1858 oculos
1705 1817 1750 1858 in
1782 1832 1826 1859 se

285 1893 536 1932 auertentel

459 1976 518 2018 sic
549 1991 676 2032 super
705 1977 917 2020 incumbit
949 1978 1114 2033 signato
1146 1978 1333 2020 culmine
1366 1978 1488 2020 limes

460 2052 667 2094 candidus
699 2059 743 2095 et
774 2054 975 2110 resupina
995 2053 1113 2110 facit
1145 2054 1394 2097 ‘mortalibus
1425 2070 1501 2096 ora

460 2128 562 2169 dum
595 2143 707 2170 noua
739 2143 813 2183 per
844 2144 1012 2171 caecam
1045 2130 1275 2171 uibrantur
1306 2129 1473 2171 lumina
1503 2135 1674 2171 noctem

1502 2205 1540 2258 (1
1563 2204 1646 2246 714
1660 2206 1770 2260 sqq.)

287 2294 486 2336 Lucretio
519 2294 819 2350 dignissimum
852 2301 916 2336 est
948 2310 1077 2350 quem
1105 2295 1265 2337 totiens
1293 2301 1498 2350 prouocat
1521 2295 1575 2336 ad
1598 2301 1830 2346 certamen,

287 2384 370 2410 non
394 2384 643 2425 numquam,
666 2369 921 2419 mehercule,
944 2369 1060 2411 haud
1081 2370 1234 2425 impar.

374 2460 453 2501 hoc
484 2474 613 2515 quam
645 2465 813 2500 scatens
843 2459 1068 2514 splendore
1100 2459 1300 2502 caelesti}

460 2535 591 2577 altius
621 2534 814 2576 aetherei
845 2549 975 2590 quam
1007 2535 1163 2576 candet
1195 2535 1377 2577 circulus
1409 2535 1522 2578 orbis
1582 2537 1619 2590 (Ι
1642 2538 1745 2591 802)

288 2627 497 2669 Durantis
519 2627 590 2668 uel
612 2627 787 2668 Miltoni
808 2633 994 2682 putares,

375 2725 586 2774 quantum
627 2719 759 2760 audet
800 2719 843 2759 in
884 2719 1216 2761 tralationibus!
1275 2718 1479 2775 quotiens
1523 2719 1678 2760 Latino
1728 2733 1828 2760 eum

287 2794 470 2836 sermoni
511 2794 631 2848 quasi
675 2794 764 2834 uim
805 2794 969 2835 adferre
1004 2793 1213 2843 uidemus,
1245 2793 1416 2849 saepius
1456 2793 1689 2834 uictorem!
1745 2808 1830 2834 non

289 2868 415 2911 laudo
