1981 3334
466 230 543 268 AD
583 230 887 270 LECTOREM
931 233 1030 270 PRA
1039 234 1139 271 EFA
1154 235 1250 273 TIO.
1568 238 1618 274 vii

263 354 304 388 et
339 347 489 389 uiridis
522 348 683 390 nemori
715 350 887 404 sanguis
918 349 1083 392 decedit
1119 363 1157 391 ct
1194 352 1335 392 lici-bis
1395 360 1443 399 (v
1468 355 1578 399 212).

89 455 155 490 est
186 449 302 491 enim
336 457 385 491 ut
417 465 538 498 noue,
570 451 630 492 ita
662 450 766 492 dure
804 451 992 496 dictum:
1035 454 1235 494 miraculo
1269 462 1410 495 tamen
1448 457 1618 511 propius

87 529 153 564 est
177 523 417 566 Romanum
441 524 689 580 scriptorem
718 525 802 566 tale
831 526 1057 581 quicquam
1087 528 1328 582 periclitari.
1392 529 1495 570 illud
1521 545 1617 571 uer«,

87 598 318 653 egregium,

259 695 319 736 sic
349 694 535 744 adamas,
567 703 774 752 punctum
809 698 973 753 lapidis.
1006 699 1227 755 pretiosior
1257 715 1360 741 auro
1391 709 1453 742 est

1354 776 1423 823 (1v
1446 776 1557 827 926).

175 880 253 908 nec
291 865 520 922 displicent
555 867 630 909 illa
663 869 714 910 de
748 870 880 911 ariete
920 870 1100 912 Phrixeo
1139 871 1301 927 fulgore
1337 872 1429 913 auri
1466 872 1619 913 fluctus

95 939 338 990 irradiante,

260 1054 358 1081 cum
389 1040 579 1083 uitreum
612 1041 778 1084 findens
809 1043 980 1084 aurauit
1013 1042 1169 1085 uellere
1202 1051 1381 1098 pontum

1367 1119 1435 1169 (1v
1457 1119 1559 1170 515)

83 1213 284 1268 quamuis
305 1212 487 1254 uicerint
505 1213 828 1268 Propertianam
851 1214 893 1254 in
922 1229 963 1255 re
986 1214 1115 1255 simili
1137 1214 1359 1255 audaciam
1384 1219 1613 1255 ‘armorum

84 1293 129 1328 et
149 1286 280 1328 radiis
301 1287 418 1342 picta
438 1288 653 1330 tremebat
674 1303 786 1344 aqua
804 1288 811 1301 ’
832 1291 888 1337 (4.
913 1290 951 1329 6.
976 1289 1059 1338 26).

169 1395 257 1437 iam
303 1396 337 1437 si
384 1396 607 1438 accesserit
658 1397 903 1452 argumenti
954 1396 1099 1452 aliqua
1148 1396 1317 1437 nouitas
1358 1396 1427 1437 uel
1473 1411 1614 1438 rerum

82 1472 302 1527 asperitas,
342 1487 386 1513 se
431 1472 522 1528 ipso
569 1472 704 1513 maior
744 1477 809 1513 est
850 1471 1065 1512 Manilius.
1128 1471 1359 1512 Herculem
1400 1471 1529 1513 refert
1570 1471 1614 1512 in

84 1547 324 1589 aerumnis:
365 1547 482 1589 dolet
519 1547 643 1589 uinci.
706 1547 750 1588 in
791 1546 1074 1588 arithmeticis
1110 1546 1290 1588 subtiles
1325 1553 1454 1602 atque
1491 1547 1613 1588 intri—

81 1628 198 1664 catas
219 1623 404 1664 rationes
425 1637 551 1664 nemo
574 1622 711 1678 magis
733 1621 973 1662 luculenter
1000 1620 1193 1662 uersibus
1221 1621 1404 1676 exponit.
1466 1621 1613 1662 abdita

79 1696 374 1753 philosophiae
394 1697 586 1752 grauiter
607 1703 736 1751 atque
758 1701 922 1751 argute,
940 1702 989 1736 ut
1011 1709 1146 1750 paene
1165 1694 1237 1735 uix
1259 1695 1378 1742 alter,
1395 1694 1614 1746 edisserit3

80 1771 277 1827 exemplo
308 1771 365 1813 sit
395 1770 467 1812 ille
509 1771 625 1812 locus
666 1784 750 1825 quo
792 1769 998 1811 bonorum
1041 1768 1337 1824 malorumque
1377 1769 1610 1810 facinorum

80 1844 427 1888 aestimationem
468 1860 493 1886 a
533 1844 653 1885 fatali
693 1843 768 1884 illa
803 1843 1056 1884 necessitate
1097 1857 1182 1883 non
1217 1842 1311 1885 tolli
1348 1843 1613 1884 demonstrat-

81 1921 150 1974 (IV
181 1921 262 1961 108
292 1922 411 1975 sqq.).
474 1919 527 1960 ad
557 1933 769 1959 summam
799 1916 986 1972 denique
1014 1917 1050 1958 is
1082 1923 1147 1958 est
1178 1918 1356 1972 scriptor
1380 1917 1453 1972 qui
1481 1917 1614 1958 ardua

82 2001 127 2037 et
161 1995 358 2037 abstrusa
393 1994 564 2050 planius
606 2001 650 2036 et
680 1993 847 2035 facilius
881 2008 1009 2048 quam
1041 1993 1285 2034 communia
1317 1998 1360 2034 et
1392 1993 1435 2032 in
1474 1992 1612 2033 medio

79 2070 266 2112 iacentia
285 2074 543 2125 argumenta
563 2074 731 2110 tractet.

165 2148 302 2186 restat
323 2149 374 2186 ut
395 2149 439 2184 et
459 2142 572 2185 Preli
594 2141 844 2184 Academici
866 2140 1133 2197 praesidibus
1158 2140 1232 2196 qui
1258 2146 1456 2195 sumptus
1484 2140 1611 2182 huius

81 2218 275 2274 opusculi
306 2217 461 2260 edendi
496 2232 548 2259 ex
584 2223 706 2273 parte
742 2217 1039 2259 tolerauerunt
1075 2221 1118 2257 et
1154 2215 1344 2257 eiusdem
1382 2215 1520 2270 operis
1556 2215 1610 2256 ob

79 2292 335 2334 indefessam
357 2292 403 2333 in
423 2307 469 2334 re
490 2291 800 2348 typographica
824 2290 1025 2332 nauanda
1045 2289 1292 2332 comitatem
1314 2294 1443 2343 atque
1465 2288 1609 2329 indus-

79 2367 207 2409 triam
228 2366 390 2422 gratias
411 2365 578 2408 debitas
597 2379 786 2421 agamus.

76 2610 424 2654 CANTABRIGIAE
454 2619 719 2651 SCRIPfflMVS

193 2700 230 2727 a.
263 2684 302 2727 d.
333 2685 387 2726 iii
416 2683 521 2726 Kal.
553 2683 648 2726 Dec.

326 2758 362 2783 A.
374 2757 401 2783 S.
415 2755 724 2782 MDCCCLXXXXVJ.
