1966 3329
314 204 362 240 48
813 208 871 245 SI
872 208 902 244 L
913 208 943 246 V
944 210 973 245 A
1016 210 1091 246 MA
1103 210 1139 246 N
1144 210 1171 246 I
1171 210 1234 247 LI
1231 211 1261 247 A
1269 210 1356 247 NA.

312 324 421 366 lium
453 337 467 366 Ι
498 328 726 370 898-906
756 328 829 370 ubi
862 330 1005 371 uerbis
1034 335 1255 373 ‘externas
1278 331 1398 374 modo
1428 346 1504 387 per
1531 333 1705 389 gentes'
1726 333 1860 375 uerba

309 399 317 413 ‘
336 394 476 436 ciuilis
497 397 620 438 etioem
645 403 787 440 motus
808 404 1073 454 cognataque
1095 400 1208 442 bella
1237 399 1241 457 Ι
1268 401 1535 456 significant’
1558 403 1715 457 opponi
1741 409 1857 445 recte

314 470 460 506 monet
482 465 763 521 Tappertzius
785 469 841 522 (p.
862 470 946 521 30).
999 469 1113 509 unde
1136 476 1316 525 apparet
1337 485 1413 525 per
1432 471 1740 525 grammaticae
1764 472 1857 527 qui-

311 532 407 574 dem
431 534 546 590 leges
568 550 677 590 quae
705 536 748 576 in
772 536 967 592 Properti
989 538 1125 592 primo
1147 539 1335 580 carmine
1360 554 1428 581 uu.
1456 542 1625 582 11—-13
1648 541 1857 596 praebent

310 602 476 644 codices
502 603 628 645 licere
651 604 760 655 dici3
795 605 846 645 (le
870 606 1087 647 sententia
1116 621 1216 648 uero
1243 607 1485 649 audiendus
1513 609 1691 651 fortasse
1715 610 1857 652 Hous-

309 686 492 713 mannus
525 672 731 725 (Journal
766 674 819 729 of
847 674 1075 730 Philoloyy
1107 682 1134 716 t.
1169 676 1252 718 xvi.
1287 691 1353 731 pp.
1387 679 1438 719 19
1462 677 1601 733 sqq.)¹.
1679 678 1765 719 iam
1803 678 1854 720 de

308 740 528 781 uocabulis
549 741 766 795 aliquibus
789 757 851 784 ex,
873 757 930 796 gr.
954 757 1107 793 census,
1126 749 1170 784 et
1186 758 1268 798 per
1289 750 1332 785 et
1354 745 1426 786 sub
1455 746 1856 801 praepositionibus,

308 809 465 864 quibus
507 815 689 865 uterque
731 811 909 866 scriptor
946 811 1101 852 mirum
1136 812 1179 852 in
1211 812 1398 862 modum,
1430 814 1464 855 si
1497 815 1853 857 consuetudinem

307 883 486 932 spectes,
519 877 727 927 abutitur,
759 893 895 934 pauca
930 878 1157 920 additurus
1193 894 1333 931 eram3
1377 880 1449 922 sed
1485 881 1728 937 legentibus
1760 898 1854 938 par-

305 946 499 988 cendum.

394 1033 424 1062 V
458 1023 540 1063 183
563 1037 620 1077 sq.

478 1106 648 1146 quaque
680 1097 772 1132 erat
804 1092 998 1133 Actaeon
1031 1091 1151 1133 siluis
1182 1091 1443 1134 metuendus
1475 1098 1518 1134 et
1549 1099 1652 1136 ante

479 1174 608 1215 quam
641 1160 820 1201 canibus
851 1175 964 1201 noua
994 1161 1154 1216 praeda
1185 1161 1281 1203 fuit.

392 1263 465 1303 pro
497 1264 702 1303 quamque
731 1249 846 1304 quod
876 1249 1038 1290 habent
1066 1249 1229 1291 codices
1258 1250 1371 1291 male
1400 1265 1425 1291 a
1451 1250 1669 1293 Gronouio
1691 1266 1854 1308 quaque

279 1324 528 1373 ,acceptum
551 1325 625 1360 est.
688 1319 918 1373 legendum
942 1331 1106 1374 QVquce.
1169 1319 1387 1360 sententia
1408 1326 1492 1361 est:
1525 1320 1692 1361 ‘colunt
1716 1321 1847 1363 Mele-

303 1402 451 1442 agrum
487 1388 719 1429 Herculem
754 1388 1022 1438 Atalantam,
1054 1388 1184 1429 etiam
1219 1388 1499 1440 Actaeonem,
1532 1389 1652 1431 illum
1689 1390 1852 1433 scilicet

303 1457 378 1512 qui
402 1457 523 1498 siluis
546 1458 818 1508 metuendus,
841 1473 926 1499 non
948 1459 1072 1499 illum
1095 1459 1170 1513 qui
1193 1473 1347 1500 canum
1370 1460 1529 1514 praeda
1551 1460 1666 1502 erat.'

389 1557 419 1585 V
450 1547 532 1588 209
555 1561 643 1602 sqq.

475 1630 560 1670 qua
592 1615 805 1656 subdente
837 1616 971 1656 facem
1005 1616 1130 1657 terris
1162 1615 1386 1670 radiosque
1418 1621 1623 1657 mouente

475 1685 652 1726 dimicat
683 1685 727 1725 in
759 1685 922 1726 cineres
954 1685 1068 1726 orbis
1100 1686 1325 1740 fatumque
1358 1700 1607 1740 supremum

475 1754 651 1794 sortitur

388 1835 481 1890 lege
515 1835 757 1877 (ZEmiGRat.
822 1835 934 1876 orbis
966 1835 1008 1876 in
1042 1835 1237 1876 fauillam
1270 1834 1374 1877 abit.

389 1919 419 1949 V
453 1911 536 1949 280
558 1923 617 1963 sq.

474 1984 519 2020 et
549 1978 584 2019 si
616 1978 723 2020 forte
754 1978 874 2020 labor
905 1978 1014 2020 ruris
1045 1978 1284 2020 tardauerit
1315 1984 1429 2020 artes

473 2047 568 2103 quis
600 2047 691 2088 sine
723 2047 843 2088 nulla
874 2047 1015 2097 Ceres,
1050 2061 1135 2088 non
1166 2047 1281 2088 ullus
1312 2047 1488 2088 seminis
1519 2062 1621 2088 usus

387 2134 540 2190 Spicae
562 2135 679 2175 sidus
701 2134 788 2176 suis
811 2134 1020 2189 partubus
1046 2149 1175 2190 opera
1201 2134 1399 2175 bifariam
1427 2133 1662 2184 distribuit,
1683 2133 1750 2175 his
1771 2134 1848 2189 qui

298 2204 526 2246 ualidiores
560 2205 648 2246 sint
679 2210 728 2245 ut
755 2205 866 2246 ruris
894 2205 1061 2246 colendi
1090 2205 1279 2246 laborem
1308 2203 1556 2259 suscipiant,
1585 2203 1670 2245 illis
1697 2208 1845 2244 autem

301 2281 347 2315 ut
379 2289 488 2329 quae
520 2274 778 2315 domesticae
810 2274 897 2315 sint
926 2279 970 2315 et
998 2273 1052 2314 ad
1079 2288 1240 2328 penum
1272 2272 1407 2327 magis
1437 2272 1704 2328 pertinentes
1732 2279 1846 2314 artes

297 2349 542 2398 sequantur.
603 2342 717 2397 quod
740 2341 1056 2383 senescentium
1078 2341 1215 2396 magis
1244 2340 1326 2382 erit
1356 2346 1398 2381 et
1430 2340 1502 2381 illo
1531 2340 1674 2381 labore
1703 2339 1845 2381 tarda-

298 2419 451 2455 torum.
513 2413 659 2468 itaque
700 2427 775 2467 pro
817 2412 961 2453 ‘ruris'
1002 2411 1298 2467 reponendum
1340 2410 1451 2451 uiris
1501 2424 1552 2451 ex
1595 2409 1845 2451 melioribus

297 2481 514 2524 codicibus
536 2488 579 2523 et
600 2481 998 2537 interpungendum

586 2561 629 2597 et
661 2556 694 2597 si
727 2556 834 2597 forte
865 2555 985 2597 labor
1016 2555 1126 2596 uiris
1156 2553 1408 2602 tardauerit,
1439 2559 1553 2594 artes

587 2625 682 2680 quis
715 2624 807 2665 sine
838 2624 960 2665 nulla
991 2623 1120 2666 Ceres
1152 2628 1188 2664 et
1221 2637 1253 2677 q.
1287 2637 1318 2663 s.

339 2710 351 2729 1
373 2719 446 2741 rem
463 2708 681 2740 incertiorem
706 2708 838 2740 faciunt
854 2711 887 2739 et
903 2709 1033 2749 Hylaei
1103 2716 1180 2738 cum
1209 2704 1266 2736 hic
1292 2715 1421 2737 ramum
1447 2704 1616 2742 centauri,
1644 2703 1703 2736 ille
1728 2714 1843 2736 arcum

297 2776 338 2797 ex
362 2764 519 2796 codicum
539 2765 637 2804 psilli
664 2773 735 2794 non
760 2762 835 2794 sine
859 2763 895 2794 ui
918 2763 1034 2802 aliqua
1103 2762 1359 2792 commemoret.
1409 2758 1511 2799 quisi
1528 2759 1743 2799 Propertium
1763 2759 1840 2791 imi-

296 2820 434 2850 erutum
467 2820 500 2849 et
533 2817 637 2849 Ouidi
669 2817 764 2848 locus
799 2817 866 2858 (ars
904 2827 969 2848 am.
1003 2817 1033 2847 2.
1103 2818 1208 2855 tatur,
1234 2825 1361 2847 ramum
1388 2817 1427 2846 ut
1453 2814 1489 2845 in
1518 2813 1621 2846 uerbo
1649 2813 1748 2846 ludat
1779 2824 1840 2855 pro

298 2874 358 2905 185
377 2874 476 2912 sqq.),
494 2871 707 2903 coniecturae
723 2870 816 2902 illius
830 2870 1033 2908 subsidium,
1103 2870 1244 2901 arbitrio
1261 2870 1501 2900 summutauit.

296 2937 374 2959 cum
391 2926 568 2967 Propertio
586 2936 657 2957 non
671 2926 813 2957 omnino
830 2934 1031 2965 congruens,
