1966 3329
296 217 345 254 40
791 215 847 253 Sl
850 216 879 252 L
891 214 950 254 VA
996 216 1040 252 ill
1043 216 1072 252 A
1079 215 1146 252 Nl
1150 216 1213 252 LI
1212 217 1241 252 A
1250 214 1323 252 NA
1332 246 1338 253 .

379 338 472 379 fieri
503 343 645 394 potest
673 344 722 379 ut
752 338 938 379 tundant
967 338 1155 393 aliquem
1186 352 1383 394 aequora,
1414 344 1461 378 ut
1490 337 1720 379 ‘caedant'
1751 352 1836 378 non

292 412 447 460 potest.
522 407 740 448 leuissima
783 406 968 447 mutatio
1004 406 1223 449 Accedunt.
1296 407 1355 447 sic
1392 406 1572 448 Plautus
1610 405 1719 448 Men.
1752 404 1833 448 237

292 479 300 494 ‘
316 490 496 531 orasque
522 475 694 517 Italicas
717 491 863 517 omnes
885 490 971 531 qua
991 476 1243 531 adgreditur
1265 475 1405 526 mare‚’
1431 475 1516 518 Cic.
1542 475 1595 516 N.
1620 476 1670 517 D.
1694 486 1729 516 ΙΙ
1754 477 1836 517 100

291 547 300 562 ‘
316 548 653 585 mare—terram
675 543 884 598 adpetens
906 543 1104 584 litoribus
1127 542 1319 585 adludit!

380 651 429 681 IV
461 641 544 682 642
577 655 664 695 sqq.

466 745 543 772 nec
575 737 750 772 tantum
783 745 834 772 ex
867 745 953 771 una
985 736 1144 785 pontus
1175 730 1256 771 sibi
1289 736 1411 785 parte
1442 729 1617 771 reclusit

464 799 662 841 faucibus
693 799 885 854 abreptis
918 799 1064 840 orbem
1097 800 1218 851 (nam
1249 799 1377 840 litora
1407 799 1533 854 plura

466 868 641 924 impulit
673 869 851 921 oceano)
883 868 1027 922 potius
1059 867 1135 908 sed
1167 867 1388 908 montibus
1419 867 1518 908 altis

465 945 530 979 est
561 938 736 988 uetitus,
770 943 910 980 totam
942 952 995 979 ne
1028 937 1221 979 uinceret
1253 952 1437 992 aequore
1469 943 1638 978 terram.

376 1029 453 1071 hos
484 1044 634 1071 uersus
665 1029 725 1070 sic
755 1028 995 1070 rectissime
1029 1028 1232 1070 distinxit
1266 1028 1505 1077 Bentleius‚
1533 1027 1648 1069 idem
1687 1033 1833 1069 tamen

291 1099 434 1140 minus
467 1100 576 1141 bene
612 1099 924 1154 interpretatus
957 1104 1031 1139 est.
1095 1098 1170 1153 qui
1203 1098 1281 1139 hoc
1314 1097 1395 1139 sibi
1429 1097 1607 1138 uolunt:
1651 1102 1836 1153 ‘pontus

291 1183 375 1209 non
418 1168 525 1209 illud
568 1183 668 1223 prae
710 1168 863 1209 ceteris
905 1168 995 1222 egit
1037 1169 1136 1221 (hoc
1179 1168 1294 1208 enim
1331 1168 1476 1223 potius
1509 1167 1744 1223 significat)
1787 1172 1838 1208 ut

289 1252 420 1278 unam
449 1243 621 1278 tantum
646 1244 814 1292 partem
837 1237 950 1278 orbis
973 1237 1055 1278 sibi
1077 1237 1318 1278 recluderet
1339 1237 1484 1291 (plura
1505 1237 1621 1278 enim
1643 1237 1688 1277 in
1711 1236 1838 1278 litora

276 1321 499 1355 ,oceanum
541 1307 712 1360 intulit)
754 1306 827 1348 sed
866 1307 1080 1348 montium
1118 1306 1350 1348 altitudine
1388 1306 1632 1361 prohibitus
1673 1310 1739 1346 est
1781 1320 1835 1346 ne

289 1380 432 1417 totum
455 1375 669 1418 hauriret.'

379 1477 428 1506 IV
463 1468 556 1508 669.

522 1567 571 1593 ac
602 1551 739 1593 sterili
769 1552 888 1607 peior
920 1551 1051 1593 siccas
1082 1552 1260 1593 infestat
1293 1552 1474 1593 harenas

376 1642 550 1698 infestat
587 1643 766 1684 damnat
804 1643 1030 1685 Bentleius
1066 1658 1205 1699 neque
1244 1644 1469 1684 immerito.
1543 1642 1652 1684 illud
1689 1648 1833 1684 tamen

288 1716 297 1731 ‘
315 1711 522 1753 incestat'
552 1712 666 1767 quod
695 1712 844 1768 reponi
873 1712 995 1754 iubet
1022 1713 1096 1753 uix
1125 1713 1228 1754 satis
1258 1720 1408 1768 aptum
1436 1712 1622 1754 uidetur.
1683 1712 1837 1753 melius

290 1780 415 1821 credo
436 1787 650 1824 FI'Nestat.

377 1889 426 1918 IV
460 1880 542 1920 686
569 1894 659 1934 sqq.

523 1965 712 2007 maxima
742 1972 856 2006 terra
886 1966 992 2006 uiris
1023 1972 1066 2007 et
1098 1965 1402 2007 fecundissima
1433 1966 1569 2007 doctis

523 2036 727 2087 urbibus;
770 2036 814 2076 in
846 2050 1026 2091 regnum
1058 2035 1258 2077 fiorentes
1290 2035 1372 2076 oris
1405 2035 1617 2085 Athenae,

523 2104 682 2160 Sparta
713 2119 855 2153 manu,
890 2104 1064 2145 Thebae
1096 2103 1209 2145 diuis
1241 2110 1285 2145 et
1317 2119 1417 2160 rege
1450 2105 1520 2146 uel
1554 2119 1637 2145 uno

521 2174 719 2229 princeps
749 2174 824 2214 illa
854 2173 1017 2222 domus,
1049 2172 1223 2213 Troiani
1253 2172 1392 2227 gratia
1423 2173 1527 2214 belli

520 2243 740 2284 Thessalia
770 2243 1008 2298 Epirosque
1039 2249 1192 2297 potens
1225 2242 1452 2298 uicinaque
1484 2242 1588 2297 ripis
1748 2245 1832 2285 690

520 2311 664 2366 Illyris
695 2321 739 2353 et
771 2312 934 2353 Thrace
968 2312 1153 2353 Martem
1186 2312 1338 2353 sortita
1369 2312 1566 2353 colonum

520 2386 564 2421 et
595 2381 838 2435 stupefacta
869 2395 967 2422 suos
998 2381 1113 2422 inter
1144 2381 1378 2422 Germania
1409 2387 1569 2436 partus,

520 2451 661 2492 Gallia
692 2466 767 2506 per
798 2465 960 2500 census,
993 2451 1207 2506 Hispania
1240 2451 1426 2492 maxima
1457 2451 1584 2502 belli3

519 2520 650 2561 Italia
680 2520 724 2561 in
755 2535 924 2561 summa
955 2535 1085 2575 quam
1117 2535 1261 2561 rerum
1293 2521 1482 2562 maxima
1513 2521 1651 2562 Roma

520 2589 726 2644 imposuit
758 2589 883 2630 terris
915 2589 1117 2644 caeloque
1148 2589 1402 2645 adiungitur
1432 2590 1533 2644 ipsa.
1747 2592 1828 2633 695

373 2687 418 2727 in
440 2702 478 2728 u.
503 2688 584 2729 689
618 2686 743 2728 Pella
774 2685 1003 2727 Schraderi
1035 2687 1264 2728 inuentum
1298 2687 1407 2729 bene
1440 2688 1601 2743 recepit
1634 2687 1827 2736 Iacobus,

286 2755 430 2797 uerbis
471 2762 618 2798 tamen
660 2755 985 2810 typothetarum
1019 2756 1147 2811 culpa
1181 2756 1293 2797 male
1329 2756 1554 2797 distinctis.
1617 2756 1662 2797 in
1703 2756 1828 2797 claris

284 2825 488 2880 gentibus
524 2824 795 2866 recensendis
836 2839 920 2865 non
957 2825 1100 2880 potuit
1138 2825 1342 2866 Manilius
1377 2825 1660 2867 Macedonum
1697 2825 1829 2867 Alex-

285 2895 493 2949 andrique
520 2893 668 2935 laudes
693 2894 880 2935 reticere.
943 2909 1039 2934 mox
1069 2894 1289 2936 Thessalia
1315 2909 1424 2950 quae
1447 2895 1662 2935 Achillem
1690 2893 1828 2935 edidit
