1981 3334
356 846 452 894 AD
514 845 889 895 LECTOREM
951 847 1366 897 PRAEFATIO.

171 1061 389 1104 NOSTRAE
441 1064 483 1104 in
536 1064 714 1106 Manilio
768 1066 941 1121 uigiliae
992 1067 1026 1107 si
1079 1067 1184 1122 quid
1235 1067 1344 1117 Tibi,
1397 1066 1624 1110 LECTOR

86 1137 419 1187 BENEVOLE,
447 1138 501 1179 ad
529 1138 772 1180 difficillimi
802 1139 1018 1195 scriptoris
1049 1140 1336 1197 cognitionem
1365 1141 1497 1182 auxili
1527 1156 1625 1181 con-

88 1211 294 1262 tulerunt,
324 1213 454 1254 uelim
485 1213 707 1255 MALVINO
741 1215 989 1256 BECHERTO
1018 1222 1242 1270 acceptum
1271 1216 1435 1257 referas.
1499 1216 1626 1256 huius

89 1287 203 1328 enim
231 1287 325 1336 uiri,
353 1302 451 1328 cum
483 1288 617 1344 ipsius
645 1289 832 1331 auctoris
854 1297 946 1330 tum
977 1290 1068 1331 eius
1094 1290 1286 1331 codicum
1317 1298 1358 1331 et
1388 1290 1624 1332 editionum

89 1362 349 1417 peritissimi,
375 1378 497 1404 curas
525 1363 569 1404 in
601 1370 742 1405 nostro
773 1364 957 1420 Corpore
988 1365 1215 1407 Poetarum
1247 1366 1496 1407 Latinorum
1531 1381 1625 1406 mox

90 1436 274 1478 edendas
306 1437 624 1494 pellegentibus
658 1439 770 1480 haud
800 1439 904 1481 adeo
934 1454 1147 1495 perpauca
1179 1440 1299 1481 nobis
1329 1446 1624 1481 succurrerunt

89 1525 200 1566 quae
234 1511 364 1566 digna
397 1512 490 1553 uisa
524 1520 625 1554 sunt
664 1520 712 1554 ut
749 1514 791 1554 in
835 1513 971 1555 lucem
1010 1514 1111 1555 data
1148 1521 1384 1555 ceterorum
1422 1514 1625 1555 iudicium

89 1586 396 1641 experirentur.
461 1587 575 1642 quod
596 1587 790 1628 codicum
820 1594 989 1643 praeter
1021 1588 1318 1630 Matritensem
1342 1588 1540 1629 notitiam
1562 1595 1625 1629 at-

91 1659 231 1715 tingit,
253 1675 279 1702 a
301 1661 511 1702 Becherto
533 1667 651 1703 totus
672 1661 847 1717 pendeo.
911 1663 1113 1704 lectiones
1142 1663 1186 1703 in
1216 1663 1281 1704 his
1310 1678 1418 1717 quae
1447 1677 1626 1717 sequen-

92 1740 164 1776 tur
191 1734 348 1777 citatae
381 1735 703 1792 significataeue
737 1751 883 1778 omnes
911 1736 1101 1778 indidem
1134 1737 1384 1792 desumptae
1416 1742 1516 1778 sunt
1548 1736 1627 1777 nisi

90 1823 197 1864 quas
226 1823 277 1850 ex
308 1809 447 1850 Ellisii
477 1810 609 1851 nostri
638 1809 841 1852 Noctibus
871 1810 1129 1852 Mam'lianis
1155 1825 1243 1851 esse
1271 1810 1443 1851 haustas
1475 1810 1628 1851 diserte

90 1883 335 1925 dixerimus.
397 1883 511 1939 quod
532 1883 587 1925 ad
608 1883 902 1927 Matritensem
929 1885 1100 1934 attinet,
1130 1885 1261 1940 copiis
1293 1885 1455 1926 utimur
1482 1884 1630 1933 Ellisii,

91 1957 269 2014 eiusque
297 1958 570 2000 sanissimum
599 1959 652 2000 de
682 1959 774 2001 eius
799 1959 954 2001 codicis
976 1959 1113 2014 pretio
1144 1958 1351 2001 iudicium
1374 1960 1416 1999 in
1440 1958 1629 2014 opusculi

93 2033 225 2075 nostri
267 2033 456 2089 capitulo
498 2033 570 2074 III
613 2034 736 2075 nouis
788 2034 962 2089 insuper
1013 2034 1280 2089 argumentis
1321 2034 1630 2075 confirmamus.

93 2113 256 2150 ceteros
289 2108 414 2150 modo
452 2109 638 2159 nomine,
672 2109 798 2150 modo
840 2115 942 2150 nota
981 2123 1069 2158 sua,
1110 2123 1324 2163 quemque
1368 2109 1549 2148 citamus
1586 2107 1627 2148 in

95 2181 209 2224 hunc
240 2182 440 2224 modum:
491 2183 826 2226 Gemblacensem
857 2183 926 2225 uel
963 2183 1010 2232 G,
1040 2182 1301 2238 Lipsiensem
1331 2182 1398 2223 uel
1427 2182 1473 2230 L,
1501 2182 1629 2223 Gasa-

93 2272 196 2299 num
223 2258 293 2300 uel
318 2258 361 2306 G,
392 2257 645 2300 Vossicmum
667 2259 863 2314 primum
889 2258 958 2299 uel
990 2257 1053 2307 Vn
1083 2257 1332 2300 Vossianum
1360 2257 1539 2299 alteram
1561 2256 1629 2297 uel

102 2331 168 2382 V2,
190 2332 482 2376 Monacensem
502 2334 573 2376 uel
594 2334 652 2376 M.
715 2334 766 2375 de
797 2334 1012 2375 nonnullis
1041 2333 1257 2375 codicibus
1285 2332 1529 2374 Manilianis
1557 2332 1631 2387 qui

95 2406 271 2462 quidem
306 2407 432 2448 hodie
468 2414 620 2449 extant
659 2408 702 2448 in
741 2407 889 2449 eodem
927 2407 1066 2463 capite
1096 2407 1168 2448 III
1202 2406 1413 2463 quaedam
1445 2406 1633 2448 breuiter

95 2480 415 2536 disputauimus
452 2487 502 2523 ut
535 2481 665 2523 simul
707 2481 950 2538 legentibus
991 2481 1228 2523 indicemus
1270 2495 1351 2522 non
1394 2480 1630 2535 neglectam

97 2569 188 2597 esse
223 2569 250 2596 a
284 2555 406 2597 nobis
446 2555 639 2597 codicum
673 2555 862 2611 ipsorum
896 2570 1040 2597 curam
1080 2561 1209 2610 atque
1251 2554 1473 2604 rationem,
1505 2553 1630 2594 simul

99 2631 325 2673 materiam
365 2631 554 2688 aliquam
596 2632 863 2673 conferamus
904 2631 1055 2672 ceteris
1096 2644 1265 2685 quoque
1306 2629 1380 2684 qui
1422 2634 1516 2684 post
1557 2642 1630 2669 nos

97 2711 250 2760 poetae
272 2720 516 2748 succurrere
539 2706 755 2747 noluerint
776 2705 962 2761 quodam
985 2704 1108 2746 modo
1131 2704 1306 2745 fortasse
1329 2704 1609 2758 profuturam.

187 2780 355 2822 Manilii
379 2780 600 2836 ingenium
624 2795 677 2822 ne
704 2780 851 2822 multis
879 2780 948 2822 uel
978 2779 1150 2821 laudem
1175 2778 1243 2820 uel
1266 2778 1469 2832 castigem
1491 2777 1632 2818 obstat

99 2856 376 2913 praefationis
407 2856 536 2898 huius
570 2855 760 2898 breuitas
791 2854 1038 2902 necessaria,
1069 2861 1212 2894 tamen
1242 2852 1555 2894 desideraretur
1588 2851 1630 2891 iu
