1966 3329
309 202 357 239 το
953 170 1203 237 INDICES.

306 323 517 356 indicatiuus
527 334 588 364 pro
601 323 825 356 subiunctiuo
840 323 931 364 apud
947 323 1042 354 Man—

351 379 451 410 ilium
472 382 509 412 18
525 390 604 411 cum
623 391 654 411 n.

307 435 510 466 inflexiones
531 435 714 466 uerborum
737 434 828 466 inter
844 443 879 466 se
895 434 1043 465 transire

351 499 371 521 a
387 489 535 521 librariis
551 492 721 529 coguntur
738 503 757 530 4
763 501 779 531 3

310 546 426 576 innare
446 556 484 586 23

309 601 455 631 inuictus
471 602 651 638 tamquam
669 610 689 630 α
709 600 883 630 uinciendo
901 609 952 640 33,
970 599 1010 640 67

310 656 417 686 imzito
436 654 567 695 (alicui)
585 666 651 686 esse
671 665 708 696 37

307 711 461 750 Iuppiter
477 709 596 741 durius
613 710 744 741 dictum
761 721 801 751 47

310 767 382 796 laus
399 764 435 795 in
452 775 486 796 re
503 764 646 796 militari
665 765 704 806 36

308 822 378 851 λεία
396 819 580 851 uerbaliter
598 823 638 861 38
656 831 689 850 η.

308 876 413 905 Libra
455 873 510 905 uel
551 875 672 905 Chelae
711 884 770 914 per
801 873 1044 914 compendium

353 929 522 969 scriptum
541 939 580 971 59

307 984 432 1016 Librae
462 994 541 1014 xxm
572 983 697 1024 gradus
728 993 795 1024 quo
826 993 905 1015 cum
937 983 1046 1015 sidere

353 1039 485 1070 oriatur
502 1039 541 1079 67

310 1095 435 1126 Iocatus
452 1104 514 1134 pro
532 1095 662 1126 uolatus
680 1093 847 1134 scriptum
868 1104 882 1134 7

309 1148 509 1180 Lucretium
524 1148 684 1180 imitatur
701 1148 868 1180 Manilius
889 1151 939 1187 18,
963 1159 1003 1190 33

311 1206 400 1236 lucta
418 1203 588 1244 Thyestae
605 1213 683 1234 cum
701 1203 794 1235 natis
811 1215 847 1244 51

311 1261 414 1298 mclyt's
432 1261 465 1290 et
483 1260 590 1289 minus
606 1258 754 1289 confusa
774 1270 815 1300 34

309 1313 447 1345 Manilii
464 1313 504 1345 de
521 1312 661 1345 feminis
678 1312 845 1344 iudicium
866 1325 902 1345 22

310 1369 475 1402 Manilius
506 1368 725 1408 Propertium
756 1367 887 1399 imitari
911 1367 1047 1399 uidetur

356 1436 406 1466 23,
425 1424 466 1464 46
484 1433 557 1463 sqq·

311 1490 432 1518 messzs,
452 1489 475 1510 1.
492 1489 523 1519 q.
542 1489 649 1510 annus
668 1488 708 1519 32

310 1536 401 1567 modo
418 1534 461 1566 ab
477 1537 577 1565 etiam
594 1535 774 1574 exceptum
793 1545 832 1574 47

312 1595 433 1622 montes
450 1589 472 1620 i.
491 1599 522 1629 q.
542 1588 787 1629 Symplegades
803 1602 844 1629 44

312 1650 427 1676 nactus
445 1644 583 1685 passiue
600 1655 640 1684 52

312 1709 438 1730 nauare
454 1710 585 1740 operam
607 1710 644 1740 13

312 1764 397 1785 naue
415 1764 510 1793 affere
529 1753 570 1794 36

312 1811 414 1839 notae
431 1808 607 1848 signorum
627 1807 853 1840 Zodiacorum
866 1819 885 1839 a
899 1807 1049 1839 librariis

356 1864 447 1894 male
465 1863 659 1894 intellectae
677 1866 716 1905 58

316 1920 342 1949 Ο
358 1920 441 1948 nota
457 1927 518 1957 pro
535 1917 634 1948 stella
650 1918 813 1949 Mercurii
836 1930 867 1950 11

308 1983 427 2014 pacem
442 1982 552 2012 gerere
573 1985 611 2005 10

314 2028 531 2068 planetarum
550 2028 680 2059 mentio
701 2038 715 2068 7

313 2085 433 2122 poetae
471 2082 648 2114 interdum
684 2083 836 2123 priorum
868 2084 972 2115 uerba
1003 2095 1050 2116 se-

358 2140 494 2174 cuntur,
514 2147 584 2168 non
603 2138 794 2170 sententias
811 2139 853 2179 46

310 2193 451 2233 pondus,
472 2194 617 2232 pondera
635 2192 677 2224 de
695 2193 762 2224 fide
779 2204 819 2234 25

311 2248 425 2287 potius
443 2258 484 2288 40

1106 325 1234 364 praeda
1252 323 1438 355 uerbaliter
1454 325 1495 364 38

1111 388 1272 418 praesens
1304 377 1515 409 subiunctiui
1542 387 1620 408 cum
1648 377 1847 416 imperfecto

1155 433 1362 465 coniunctus
1379 444 1417 474 32

1112 490 1241 529 quadra
1262 501 1300 528 ²4

1112 544 1313 584 quadratum
1333 554 1392 584 per
1414 541 1654 582 compendium
1679 541 1847 581 scriptum

1158 602 1197 640 58

1113 654 1276 694 quadrum
1292 663 1354 694 pro
1370 654 1571 694 quadratum
1583 661 1603 683 a
1615 650 1760 682 Manilio
1776 659 1847 682 non

1156 709 1295 749 ponitur
1313 721 1352 750 ²4
1369 719 1400 740 η.

1113 763 1361 804 qualiszquod
1378 763 1457 794 talis
1474 763 1514 803 65

1113 821 1232 858 quam!
1252 818 1293 849 ab
1309 820 1366 848 ut!
1387 817 1613 856 distinguitur
1633 827 1670 857 55

1114 879 1257 914 quantu->¹
1274 882 1336 913 pro
1352 873 1533 913 quantulus
1555 871 1591 904 16

1115 930 1242 960 ratione
1260 931 1293 960 et
1311 933 1449 968 tempore
1465 926 1623 966 opposita
1640 928 1659 959 8

1115 995 1161 1017 re·
1177 983 1386 1025 praepositio
1402 980 1576 1013 intercidit
1593 992 1634 1023 49

1115 1045 1246 1071 rectura
1263 1050 1302 1080 45

1115 1096 1268 1126 resonaui
1286 1091 1553 1133 improbandum
1572 1103 1612 1132 54

1115 1155 1224 1181 rotare
1243 1153 1344 1180 motus
1363 1160 1404 1190 50

1114 1206 1274 1246 sepositus
1293 1215 1331 1246 37

1114 1261 1297 1301 sepulcrum
1313 1258 1353 1289 de
1369 1257 1513 1289 comesis·
1531 1268 1565 1298 51

1113 1318 1143 1347 si
1159 1315 1374 1356 geminatum
1393 1324 1432 1355 39

1115 1370 1328 1409 σι-γματισμός
1347 1379 1384 1409 32

1114 1426 1200 1465 spoil
1216 1423 1398 1455 uerbaliter
1417 1427 1455 1464 38
1474 1433 1503 1453 n.

1115 1480 1254 1519 spolium
1270 1477 1454 1509 uerbaliter
1472 1478 1512 1518 38

1116 1534 1376 1574 σπονδειάζοντες
1392 1530 1484 1571 apud
1500 1529 1683 1561 Manilium
1705 1541 1715 1561 1
1726 1541 1737 1561 1

1115 1594 1144 1620 st
1162 1598 1224 1629 pro
1240 1593 1287 1619 est
1306 1587 1345 1619 26

1118 1642 1311 1674 Stoicorum
1327 1641 1491 1681 dogmata
1514 1650 1548 1680 ¹7

1118 1697 1312 1729 Stoicorum
1329 1699 1365 1728 τὸ
1382 1697 1572 1735 ἡγεμονικόν
1592 1705 1628 1736 17

1116 1763 1177 1783 ‚sna
1191 1762 1270 1792 pars
1288 1761 1350 1791 pro
1366 1753 1467 1791 suz'p.
1486 1761 1505 1793 9

1116 1818 1177 1839 sna
1195 1817 1255 1847 pro
1273 1808 1343 1838 eius
1356 1805 1486 1837 falsarii
1505 1808 1523 1837 8

1119 1864 1222 1894 Titan
1239 1863 1275 1892 in
1293 1861 1464 1901 Thyestae
1480 1860 1591 1900 epulis
1612 1870 1650 1900 52

1119 1918 1283 1958 triyonum
1304 1928 1342 1950 10

1120 1973 1266 2013 Typhon
1282 1972 1396 2004 alatus
1418 1983 1452 2012 15

1119 2030 1225 2061 uictus
1242 2031 1419 2067 tamquam
1437 2036 1457 2057 a
1472 2026 1647 2057 uinciendo
1667 2034 1718 2066 33,
1736 2025 1779 2056 cf.
1797 2025 1838 2066 67

1120 2085 1232 2114 uidere
1248 2092 1308 2122 pro
1325 2082 1421 2112 adire
1438 2080 1479 2121 46

1121 2141 1174 2171 uir
1189 2149 1250 2179 pro
1268 2137 1450 2168 ‘uirilitate
1468 2136 1523 2167 uel
1539 2135 1698 2167 libidine'
1716 2146 1755 2176 47
1775 2146 1807 2167 n.

1122 2197 1185 2225 -ῦηι
1204 2203 1274 2224 non
1290 2192 1491 2233 producitur
1508 2192 1545 2222 in
1561 2191 1662 2223 hiatu
1680 2202 1720 2233 23

1122 2260 1204 2281 unus
1221 2258 1281 2289 pro
1297 2248 1424 2288 singul-i
1437 2248 1478 2280 29

883 2400 939 2438 II.
999 2401 1288 2441 LOCORVM.

936 2519 987 2556 A.
1048 2518 1238 2555 MANILII.

318 2626 330 2648 1
348 2617 517 2648 128—131
538 2629 554 2649 2

319 2681 331 2702 1
349 2673 410 2705 167
429 2685 448 2711 4

319 2737 331 2757 1
350 2728 409 2759 171
428 2738 477 2766 sq.
498 2739 514 2768 3
533 2737 571 2766 sq

318 2792 331 2812 1
348 2783 519 2813 242—245
538 2794 573 2814 21

319 2846 330 2866 1
347 2836 422 2874 269,
443 2837 505 2866 284
524 2848 559 2868 21

347 2891 411 2921 423
429 2900 478 2930 sq.
498 2903 514 2931 5

1124 2631 1136 2651 1
1152 2620 1324 2651 433—435
1343 2631 1359 2661 5

1125 2683 1138 2705 1
1155 2674 1326 2706 469—171
1346 2685 1381 2706 21

1124 2740 1136 2761 1
1153 2730 1323 2763 637—639
1344 2740 1380 2760 22

1125 2795 1137 2815 1
1155 2786 1217 2817 717
1235 2795 1274 2825 47

1124 2849 1136 2870 1
1154 2840 1245 2871 741-
1262 2839 1324 2871 743
1342 2838 1361 2870 6

1126 2905 1137 2925 1
1155 2895 1326 2927 778—780
1347 2905 1382 2925 22
