1966 3329
245 208 294 245 14
741 208 830 245 SIL
843 208 902 245 ΡΑ
945 207 1284 245 MANILIANA.

244 331 469 373 Bentleius
483 330 1267 387 ‘rapidos—Saturausne—uapores.'
1316 331 1354 372 si
1375 336 1522 372 tamen
1538 330 1628 371 sine
1643 343 1786 371 neces-

245 401 373 442 sitate
391 401 432 442 in
451 416 523 444 seu
541 401 741 442 mutauit.
788 406 920 442 sumet
942 400 1138 441 dissoluit
1154 400 1197 441 in
1215 415 1266 442 ue
1287 415 1421 449 suam,
1438 399 1518 440 hoc
1536 399 1788 455 elegantius,

243 475 293 511 ut
331 470 490 525 opinor,
527 485 657 525 quam
694 469 848 511 uerius,
923 469 1127 510 detractis
1164 469 1278 510 enim
1315 469 1365 509 de
1403 468 1558 509 litteris
1592 483 1643 510 ue
1677 482 1788 522 quae

243 538 458 580 Saturnus
491 538 695 593 subiungi
734 537 815 578 sibi
853 537 1054 591 postulat,
1084 543 1314 592 supersunt
1349 543 1430 578 smt
1461 551 1569 591 quae
1602 536 1655 577 ad
1686 536 1789 578 serit

242 607 387 662 potius
419 607 624 648 uidentur
656 606 866 648 accedere.
929 605 1006 646 hoc
1038 605 1073 646 si
1104 621 1129 646 a
1165 606 1286 646 nobis
1323 605 1518 660 accipie&
1550 619 1698 646 uersus
1729 604 1788 646 sic

243 676 380 730 leges:

359 750 393 790 si
426 749 594 804 rapidos
627 749 798 789 Mauors
830 748 944 804 ignis
974 748 1188 789 iaculatur
1220 748 1263 788 in
1297 748 1419 790 illum

360 819 629 860 Saturnusue
658 829 787 859 SERIT
818 818 998 872 glaciem
1033 817 1291 858 Phoebusuc
1323 832 1514 873 uapores.

330 929 378 959 IV
403 919 485 959 539
508 932 565 972 sq.

356 1003 481 1039 tanta
512 998 644 1038 fames
676 996 958 1051 animumque
990 996 1075 1037 cibi
1107 1001 1196 1036 tam
1229 995 1320 1036 dira
1353 996 1508 1051 cupido

358 1066 546 1121 corripit,
580 1072 630 1107 ut
661 1066 803 1121 capiat
835 1071 973 1107 semet
1005 1080 1083 1106 nec
1115 1065 1330 1119 compleat
1362 1080 1569 1120 umquam
1703 1065 1784 1105 54O

357 1136 487 1191 inque
519 1136 669 1190 epulas
700 1136 829 1176 funus
860 1142 1035 1176 reuocet
1066 1134 1343 1189 pretiumque
1375 1134 1570 1188 sepulcri.

330 1227 432 1268 haec
455 1227 507 1268 de
529 1227 703 1268 homine
725 1227 871 1281 guloso
893 1241 992 1267 suas
1014 1241 1115 1281 opes
1137 1226 1352 1266 lacerante
1381 1224 1435 1266 ad
1459 1223 1786 1279 Erysichthonis

240 1296 429 1338 fabulam
462 1302 654 1351 spectare
687 1305 801 1336 recte
832 1301 978 1336 monet
1011 1294 1196 1335 Ellisius.
1256 1294 1372 1335 idem
1409 1293 1608 1334 Bentleio
1641 1293 1786 1349 capiat

241 1365 518 1421 impugnanti
549 1364 702 1416 “Quid
735 1379 837 1405 uero
874 1370 940 1405 est
976 1364 1119 1419 capiat
1149 1365 1301 1404 semet?
1360 1363 1559 1417 Explicet
1595 1362 1674 1404 hoc
1711 1363 1786 1418 qui

241 1434 420 1475 audebit
435 1435 453 1448 '³
491 1433 680 1475 cedendo
722 1448 811 1474 rem
853 1433 1009 1474 melius
1051 1432 1232 1487 egisset3
1283 1431 1412 1472 aliter
1458 1431 1574 1472 enim
1619 1431 1784 1473 dict-um

242 1504 429 1558 accipere
457 1502 573 1558 apud
602 1503 682 1544 Ou.
714 1501 808 1544 Met.
844 1505 869 1543 8
902 1505 996 1543 841.
1059 1517 1134 1557 pro
1165 1501 1311 1557 capiat
1346 1500 1482 1542 scribe
1514 1507 1675 1543 caRPat
1701 1502 1786 1542 col-

242 1572 330 1614 lato
362 1572 513 1613 eodem
547 1571 736 1613 Nasonis
767 1572 859 1612 loco
894 1578 937 1613 et
972 1570 1053 1612 877
1078 1586 1136 1626 sq.
1170 1571 1286 1625 ‘ipse
1321 1585 1418 1611 suos
1447 1576 1566 1611 artus
1596 1570 1786 1611 lacerans

241 1642 328 1695 (uel
350 1642 508 1695 lacero)
533 1641 737 1683 diuellere
762 1656 905 1682 morsu
933 1641 938 1694 Ι
967 1641 1107 1696 coepit
1133 1648 1178 1681 et
1203 1640 1354 1681 infelix
1382 1639 1607 1682 minuendo
1635 1654 1787 1695 corpus

242 1709 408 1751 alebat'
441 1715 484 1750 et
514 1708 596 1750 847
628 1723 685 1763 sq.
709 1709 852 1749 ‘cibus
883 1709 1024 1749 omnis
1055 1709 1101 1748 in
1122 1708 1196 1749 illo
1222 1707 1227 1763 Ι
1257 1723 1384 1749 causa
1405 1708 1491 1749 cibi
1515 1714 1578 1749 est
1600 1723 1786 1763 semper-

242 1793 325 1833 que
347 1777 462 1818 locus
484 1778 534 1818 fit
556 1777 696 1817 inanis
718 1777 906 1818 edendo?
957 1777 1087 1818 fuerit
1108 1777 1287 1818 fortasse
1305 1776 1379 1832 qui
1397 1776 1466 1817 hic
1482 1777 1630 1831 rapiat
1652 1776 1785 1818 malit.

243 1847 440 1903 quocirca
454 1847 557 1902 quid
574 1847 687 1887 inter
704 1852 938 1901 utrumque
956 1846 1127 1887 intersit
1145 1847 1341 1901 exemplo
1364 1846 1615 1887 docendum.
1670 1846 1785 1901 apud

244 1913 516 1969 Propertium
547 1916 571 1955 3
605 1915 680 1967 (4).
716 1913 779 1954 17.
813 1916 865 1953 24
898 1913 1136 1954 ‘Pentheos
1170 1913 1215 1954 in
1250 1913 1440 1968 triplices
1477 1913 1628 1953 funera
1662 1918 1787 1969 grata

242 1983 408 2038 greges'
430 1982 696 2023 Passeratius
718 1988 845 2036 rapta
867 1982 939 2023 alii
963 1989 1112 2037 carpta
1134 1987 1475 2037 temptauerunt.
1531 1981 1638 2022 illud
1661 1987 1786 2023 recte.

245 2053 454 2094 maiorum
477 2052 594 2093 enim
618 2051 776 2092 uirium
800 2051 985 2092 Penthei
1008 2052 1083 2092 illa
1105 2051 1326 2092 distractio
1347 2066 1477 2106 quam
1500 2065 1576 2106 pro
1598 2051 1785 2093 minuta-

242 2122 323 2163 tim
354 2120 641 2175 carpentibus.
709 2120 833 2161 testis
865 2119 921 2161 sit
953 2120 1084 2161 etiam
1118 2120 1301 2161 Ouidius
1333 2119 1431 2161 Met.
1467 2121 1503 2160 3.
1541 2121 1622 2161 722
1657 2119 1786 2161 ‘Inoo

240 2190 425 2230 lacerata
466 2194 530 2228 est
571 2188 707 2229 altera
749 2186 896 2243 raptu?
972 2188 1018 2228 in
1056 2203 1094 2229 u.
1131 2189 1212 2228 541
1252 2187 1511 2242 singularem
1555 2187 1785 2229 lectionem

242 2258 393 2300 testari
422 2258 597 2298 uidetur
630 2257 952 2298 Geinblacensis
981 2272 1079 2299 cum
1106 2257 1242 2299 retitet
1267 2257 1484 2312 praebeat,
1514 2257 1786 2299 adsentiente

245 2328 429 2384 quodam
463 2326 589 2368 modo
620 2327 833 2381 Lipsiensi
866 2328 940 2382 qui
970 2328 1129 2369 ‘retitet
1156 2327 1207 2368 al.
1236 2327 1420 2369 reuocet?
1481 2326 1582 2368 hinc
1611 2327 1787 2369 Ellisius

246 2397 358 2439 eruit
388 2411 484 2452 -qzce
517 2397 630 2447 litet3
671 2402 714 2437 et
746 2396 855 2437 illud
887 2396 1063 2451 quidem
1100 2395 1348 2445 rectissime,
1382 2396 1471 2437 litet
1506 2410 1609 2437 uero
1645 2397 1789 2438 minus

243 2468 435 2509 feliciter.
491 2481 631 2521 neque
661 2466 776 2507 enim
811 2480 938 2521 quem
972 2465 1159 2507 Senecae
1189 2464 1340 2505 laudat
1367 2464 1520 2513 locum,
1540 2464 1651 2506 Med.
1676 2467 1787 2507 1019

245 2536 392 2591 ‘plura
411 2549 497 2575 non
519 2534 665 2582 habui,
688 2534 817 2582 dolor,
845 2533 850 2589 Ι
878 2549 988 2588 quae
1018 2533 1101 2574 tibi
1130 2532 1324 2573 litarein’
1354 2532 1457 2573 satis
1486 2532 1639 2573 similis
1668 2532 1786 2574 uide-

245 2611 328 2653 tur,
346 2610 390 2645 et
410 2603 517 2644 illud
535 2608 648 2644 uocet
669 2602 782 2657 quod
805 2603 964 2644 multos
986 2602 1149 2643 codices
1171 2600 1409 2655 occupauit,
1427 2601 1541 2642 unde
1559 2601 1787 2656 irrepserit,

245 2673 363 2715 nullo
395 2672 519 2713 modo
551 2671 752 2726 explicari
783 2672 951 2726 poterit.
1014 2671 1057 2711 in
1088 2672 1176 2713 titet
1205 2671 1338 2711 latere
1366 2669 1542 2711 uidetur
1571 2671 1680 2720 citet,
1709 2671 1786 2713 h.e.

243 2747 369 2791 uocet,
393 2741 461 2782 uel
485 2746 576 2788 Olet,
601 2740 749 2781 durius
772 2747 1004 2796 utrumque
1033 2740 1197 2781 dictum
1224 2745 1274 2780 ut
1300 2739 1379 2780 hoc
1407 2738 1583 2793 quidem
1612 2739 1786 2781 nomine

245 2811 480 2853 Maniliano
508 2809 680 2864 ingenio
711 2809 1080 2851 accommodatum
1123 2809 1207 2850 dici
1243 2809 1386 2863 possit.
1449 2808 1498 2849 cf.
1534 2822 1643 2862 quae
1677 2809 1788 2851 infra

245 2881 297 2923 ad
319 2891 350 2921 V
374 2881 427 2920 54
449 2879 659 2920 dicentur.
