1981 3334
733 805 1110 855 APPENDIX.

233 1027 299 1064 Ad
320 1041 360 1076 J).
394 1028 441 1064 14
468 1032 509 1065 et
533 1041 569 1077 p.
599 1028 660 1065 37.
719 1041 819 1077 quae
845 1028 894 1065 de
921 1029 1103 1077 capiendi
1128 1030 1415 1080 significatione
1443 1031 1624 1069 inaudita
1650 1032 1691 1069 in

149 1102 191 1128 ιν
218 1093 291 1130 541
323 1099 363 1130 et
389 1104 430 1130 1v
460 1094 536 1130 223
568 1093 871 1143 disputauimus,
904 1095 946 1131 in
976 1095 1054 1132 alio
1085 1096 1222 1146 utique
1252 1098 1444 1147 scriptore
1474 1098 1691 1136 rectissime

149 1157 437 1207 colligerentur.
497 1158 565 1195 sed
593 1164 638 1195 ut
668 1159 708 1195 in
740 1159 909 1196 Manilio
935 1173 1074 1197 uereor
1099 1173 1149 1198 ne
1174 1163 1420 1212 corruptelae
1452 1163 1556 1200 locos
1586 1163 1690 1200 festi-

150 1223 313 1260 nantius
332 1223 657 1261 insimulanerim.
708 1237 800 1261 nam
817 1238 948 1274 capere
964 1225 1007 1261 in
1028 1226 1207 1276 utrisque
1229 1240 1299 1276 pro
1313 1228 1510 1276 praedari
1532 1228 1691 1266 uidetur

149 1300 262 1337 posse
291 1289 425 1339 accipi,
455 1289 489 1326 si
520 1289 671 1327 sincera
704 1295 800 1327 sunt
831 1291 900 1327 illa
934 1304 1035 1340 quae
1067 1291 1115 1328 de
1149 1292 1271 1329 Sexto
1303 1293 1490 1342 Pompeio
1523 1294 1690 1343 legimus

150 1365 164 1390 1
193 1353 271 1391 920
290 1367 346 1404 sq.
378 1359 486 1391 ‘cum
521 1355 670 1404 patrios
698 1356 818 1393 armis
843 1356 1023 1393 imitatus
1053 1357 1158 1393 filius
1190 1357 1320 1394 hostes
1345 1357 1350 1409 Ι
1376 1371 1545 1407 aequora
1577 1359 1690 1396 Pom-

150 1418 262 1468 peius
281 1419 378 1468 cepit
398 1418 559 1456 defensa
580 1419 760 1469 parenti?

233 1529 300 1567 Ad
314 1543 353 1579 p.
380 1529 441 1568 33.
497 1529 602 1579 quod
622 1529 664 1566 in
686 1529 765 1567 Cic.
788 1529 832 1566 de
850 1529 929 1578 fin.
955 1530 987 1566 3.
1014 1530 1062 1566 75
1084 1530 1205 1566 uerba
1233 1533 1358 1567 ‘recte
1381 1531 1486 1568 solus
1506 1531 1625 1568 liber'
1646 1536 1687 1568 et

150 1600 277 1633 ‘recte
315 1595 510 1632 inuictus’
549 1595 654 1632 inter
691 1608 731 1632 se
765 1596 930 1632 fortasse
965 1595 1258 1643 transponenda
1291 1608 1371 1632 esse
1403 1596 1682 1642 diuinanimus,

148 1660 389 1697 firmamenti
416 1661 566 1710 aliquid
598 1673 648 1697 ex
680 1660 769 1698 aliis
799 1660 975 1697 eiusdem
1007 1661 1178 1697 auctoris
1207 1661 1299 1698 locis
1327 1662 1395 1710 qni
1424 1662 1684 1699 similitudine

149 1724 283 1775 aliqua
302 1738 391 1762 cum
412 1725 481 1762 illo
502 1725 809 1774 coniunguntur,
833 1725 1006 1762 nancisei
1034 1725 1243 1762 uidebitur.
1308 1726 1415 1763 Taso.
1441 1727 1550 1775 Βίῳ).
1575 1728 1608 1764 5.
1634 1727 1682 1764 32

153 1791 238 1828 ‘hic
260 1796 394 1828 autem
420 1791 615 1837 uincetur,
639 1796 684 1827 ut
710 1791 807 1837 dixi,
835 1803 906 1827 nec
933 1790 1047 1827 modo
1076 1791 1258 1828 uincetur
1283 1791 1349 1828 sed
1377 1792 1496 1828 etiam
1517 1793 1685 1839 seruiet,

149 1861 191 1893 at
205 1868 276 1893 nos
296 1855 486 1893 uirtutem
508 1868 662 1905 semper
677 1856 840 1892 liberam
857 1855 1052 1901 uolumus,
1071 1869 1223 1905 semper
1239 1856 1468 1896 inuictani’:
1502 1857 1564 1894 1110
1580 1861 1684 1894 certe

149 1922 256 1958 inter
283 1933 324 1958 se
353 1920 588 1970 respondere
621 1920 811 1957 uidentur
841 1920 1035 1957 inuictam
1063 1925 1102 1957 et
1128 1920 1312 1957 uincetur
1337 1921 1439 1958 sicut
1465 1921 1625 1958 liberam
1648 1928 1688 1959 et

151 1987 316 2035 seruiet3
349 1986 485 2023 confer
512 1986 633 2022 etiam
661 1986 712 2023 ib.
738 1988 770 2023 5.
798 1986 847 2023 78
874 1991 914 2022 et
939 1986 984 2023 de
1010 1985 1146 2035 officiis
1170 1986 1201 2022 1.
1227 1986 1286 2023 68.
1344 1999 1464 2035 quare
1491 1987 1532 2023 in
1558 1987 1683 2024 locum

152 2051 352 2090 Ciceronis
379 2052 565 2089 succedat
591 2052 743 2089 Statius
762 2052 831 2101 qui
852 2051 946 2088 haec
968 2052 1086 2089 habet
1106 2052 1206 2089 Sila.
1232 2053 1267 2088 5.
1292 2052 1324 2089 5.
1350 2052 1398 2089 62
1420 2064 1502 2102 sqq.
1528 2053 1685 2089 ‘incitat

153 2117 230 2154 heu
259 2117 462 2168 planctus:
493 2118 625 2167 potius
649 2118 841 2167 fugientia
867 2119 971 2166 ripas
996 2116 1002 2169 Ι
1028 2117 1192 2154 flumina
1225 2117 1414 2154 deuincas
1445 2117 1590 2166 rapidis
1621 2122 1690 2154 aut

153 2184 311 2234 ignibus
344 2184 476 2221 obstes
500 2183 505 2235 Ι
531 2197 648 2233 quam
679 2183 841 2220 miseros
870 2183 1005 2232 lugere
1036 2182 1169 2219 uetes.'
1227 2195 1305 2219 non
1333 2183 1454 2219 miror
1482 2182 1537 2218 ibi
1569 2182 1691 2219 Hein-

154 2250 257 2288 sium
295 2249 469 2287 detineas
507 2249 764 2299 temptauisse
802 2261 1039 2299 quamquam
1079 2248 1231 2285 canerit
1263 2248 1365 2285 idem
1404 2260 1453 2284 ne
1487 2246 1691 2284 deuincias

155 2315 458 2366 periclitaretur.

236 2424 304 2462 Ad
319 2438 358 2474 p.
383 2424 444 2462 49.
501 2423 704 2473 complura
729 2435 779 2460 ex
809 2422 880 2460 hoc
907 2422 1007 2459 libro
1033 2421 1172 2471 quinto
1195 2421 1440 2459 intercidisse
1463 2421 1523 2458 uel
1549 2434 1594 2459 ea
1619 2435 1680 2459 res

155 2489 390 2527 documento
422 2493 483 2526 est
511 2488 616 2538 quod
645 2487 848 2535 Manilius,
882 2487 974 2524 fidei
1012 2486 1315 2536 haudquaquam
1354 2486 1503 2524 fallacis
1540 2492 1686 2532 auctor,

155 2567 256 2604 quae
280 2554 323 2590 in
349 2553 511 2591 exordio
537 2552 630 2589 libri
656 2552 856 2602 pollicitus
882 2555 942 2588 est
968 2563 1164 2600 nusquam
1193 2552 1377 2587 ‘cuncta'
1406 2551 1458 2599 (u.
1491 2551 1558 2599 27)
1585 2564 1690 2600 prae-

156 2619 305 2657 stitisse
326 2618 496 2656 uidetur.
556 2617 655 2654 nihil
683 2617 788 2653 enim
812 2615 860 2653 de
882 2615 1054 2652 Eridano
1081 2614 1179 2665 (15),
1202 2614 1301 2650 nihil
1321 2613 1370 2651 de
1392 2615 1570 2651 Dracone
1592 2615 1687 2664 (16),

156 2684 256 2722 nihil
282 2684 331 2722 de
359 2684 501 2721 Perseo
527 2684 615 2733 (22)
641 2683 739 2720 dicit
764 2695 854 2719 cum
880 2682 982 2718 idem
1011 2681 1228 2717 multorum
1254 2680 1426 2716 siderum
1448 2681 1551 2716 uires
1571 2681 1691 2716 effuse

156 2750 389 2788 tractauerit
408 2762 508 2799 quae
529 2748 571 2785 in
591 2747 753 2785 exordio
773 2746 930 2796 propria
950 2746 1149 2783 mentione
1170 2757 1248 2781 non
1267 2744 1452 2793 dignatus
1471 2748 1540 2780 est.
1600 2744 1689 2781 hinc

155 2815 238 2864 spei
267 2813 417 2864 aliquid
453 2812 566 2850 nobis
594 2810 905 2862 portendebatur
933 2822 1042 2859 posse
1074 2808 1121 2845 de
1151 2808 1218 2844 illo
1248 2820 1400 2857 quoque
1430 2807 1555 2844 sidere
1584 2807 1687 2857 quod

155 2891 236 2916 una
263 2891 352 2916 cum
381 2882 496 2915 xxvl⁰
523 2877 645 2927 gra-du
677 2876 817 2912 Librae
851 2878 1037 2924 surgeret,
1069 2872 1289 2909 diuinando
1323 2871 1478 2921 aliquid
1514 2872 1686 2921 reperiri.
