1981 3334
609 240 666 277 Sl
667 239 699 277 L
710 239 767 276 ΓΛ
816 239 888 276 ,ΙΙΛ
899 239 967 276 Nl
971 239 1026 277 LI
1027 242 1055 277 A
1066 240 1132 277 NA
1143 271 1148 277 .
1595 245 1638 281 51

222 377 298 404 nec
332 362 472 404 minus
503 369 546 404 et
578 361 786 404 scelerum
819 361 925 402 facie
957 376 1185 417 rerumque
1220 363 1409 403 tumultu

223 430 479 486 gaudebunt
509 431 592 472 atri
625 430 789 472 luctum
822 444 1057 472 memorare
1089 430 1299 486 sepulchri

223 506 555 555 ructantemque
586 506 754 555 patrem
787 507 910 541 natos
941 500 1158 555 solemque
1192 515 1408 541 reuersum

222 576 268 610 et
297 583 468 610 caecum
501 568 592 610 siue
624 568 710 610 sole
741 568 868 610 diem.
929 569 1135 610 Thebana
1166 569 1336 610 iuuabit

223 637 363 680 dicere
395 638 507 680 bella
539 638 650 680 uteri
682 638 956 694 mixtumque
989 639 1031 679 in
1064 639 1192 680 fratre
1226 645 1444 693 parentem
1566 641 1647 680 465

223 722 430 763 quaerere
463 707 642 749 Medeae
674 714 797 749 natos
830 709 1088 764 fratremque
1122 714 1371 764 patremque

223 775 325 817 hinc
356 776 490 818 uestis
521 776 640 818 illinc
672 776 868 818 flammas
899 791 974 832 pro
1006 792 1180 819 munere
1213 777 1362 819 missas

223 844 469 900 aeriamque
502 845 645 900 fugam
678 851 909 900 uectosque
941 859 991 886 ex
1026 845 1198 901 ignibus
1229 860 1370 887 annos

195 929 298 972 haec
328 929 382 971 ad
411 930 679 986 expedienda
707 931 852 986 paullo
888 931 1077 986 longiore
1106 931 1399 986 disputatione
1429 945 1535 986 opus
1557 930 1649 972 crit.

108 999 153 1042 in
174 1014 215 1042 u.
237 1002 321 1043 462
344 1000 406 1042 ita
429 1001 599 1042 uariant
621 1001 786 1042 codices
815 1007 864 1042 ut
893 1001 982 1043 atri
1007 1016 1103 1056 pars
1127 1001 1270 1049 maior,
1293 1015 1396 1042 (mre
1418 1000 1650 1041 Vossianus

108 1070 331 1119 secundus,
354 1077 404 1111 ut
427 1070 612 1119 uidetur,
633 1071 733 1111 auri
755 1071 1022 1112 Matritensis
1044 1070 1258 1116 exhibeat,
1281 1084 1375 1110 mox
1399 1084 1473 1123 pro
1496 1069 1650 1111 luctum

109 1139 223 1195 quod
246 1139 420 1194 quidam
446 1146 679 1195 praestant,
697 1139 1031 1188 Gemblacensis,
1050 1139 1256 1187 Cusanus,
1274 1137 1479 1185 Vossiani‚
1503 1138 1651 1178 Matri-

110 1208 242 1250 tensis
278 1209 425 1250 lua-um
461 1209 778 1257 commendent,
812 1209 910 1249 (lein
949 1223 1045 1249 cum
1079 1208 1121 1248 in
1158 1207 1309 1249 ceteris
1345 1208 1400 1248 sit
1432 1207 1652 1262 sepulchri,

111 1277 344 1319 Vossianus
365 1277 486 1326 alter,
508 1277 775 1318 Matritensis
797 1283 840 1318 et
862 1292 886 1318 a
908 1276 1046 1331 prima
1067 1275 1239 1331 quidem
1268 1290 1395 1316 manu
1421 1275 1652 1330 Lipsiensis

109 1346 332 1402 sepulchra
368 1346 613 1402 praebeant.
686 1345 732 1386 in
769 1345 960 1401 proximo
996 1360 1095 1386 uero
1132 1359 1254 1386 uersu
1293 1344 1404 1385 solus
1441 1359 1466 1384 a
1500 1344 1652 1385 ceteris

111 1414 316 1456 dissentit
338 1414 673 1462 Gemblacensis,
696 1413 799 1455 dum
823 1414 1165 1468 ‘luctantemque
1196 1419 1362 1467 patrem
1392 1410 1513 1453 nato'
1537 1412 1652 1466 legit.

112 1484 227 1526 haud
274 1499 360 1524 uno
402 1490 548 1525 tamen
594 1489 848 1538 argumento
889 1482 1120 1523 refellitur:
1170 1495 1267 1522 nam
1311 1487 1353 1521 et
1395 1479 1563 1522 ‘natos'
1599 1480 1652 1521 ab

111 1554 245 1595 Atreo
295 1553 513 1608 adpositos
563 1552 785 1607 Thyestes,
834 1566 916 1592 non
968 1551 1164 1599 ‘natum,’
1207 1549 1392 1591 comedit
1443 1555 1487 1590 et
1539 1549 1654 1590 facil-

112 1622 215 1664 lime
260 1627 407 1663 ‘natos
451 1620 692 1676 solemque'
733 1620 777 1661 in
822 1626 944 1661 ‘nato
996 1617 1234 1674 solemque,'
1277 1618 1567 1659 ‘ructantem’
1610 1618 1653 1659 iu

112 1692 399 1733 ‘luctantem'
429 1691 647 1732 abiturum
680 1696 782 1737 erat,
813 1705 911 1731 cum
943 1689 1193 1744 praesertim
1224 1687 1418 1728 ‘luxum‘
1446 1687 1514 1728 uel
1544 1688 1654 1728 ‘luc-

113 1760 230 1802 tum’
253 1761 563 1810 antecessisset,
585 1765 733 1801 contra
763 1774 863 1800 uero
890 1758 963 1799 uix
990 1758 1076 1798 ullo
1105 1757 1229 1798 modo
1257 1755 1480 1811 deprauari
1504 1762 1657 1811 posset.

114 1831 199 1872 huc
220 1830 384 1872 accedit
412 1829 538 1885 quod,
560 1829 596 1870 si
624 1829 764 1870 locum
794 1828 915 1868 illum
947 1827 1134 1869 Senecae
1164 1826 1216 1867 de
1245 1840 1329 1880 quo
1356 1825 1465 1866 infra
1494 1825 1659 1866 dicetur

115 1899 200 1941 huc
241 1898 472 1948 rettuleris,
509 1899 641 1940 etiam
678 1896 784 1938 illud
822 1895 933 1937 obici
967 1894 1140 1950 poterit,
1177 1895 1334 1935 rectius
1369 1893 1452 1935 dici
1493 1894 1536 1934 in
1580 1893 1658 1934 tali

115 1983 160 2011 re
191 1974 346 2010 natum
378 1983 476 2010 cum
513 1973 635 2023 patre
672 1982 801 2022 quam
837 1972 1003 2022 patrem
1039 1979 1136 2006 cum
1169 1970 1271 2005 nato
1302 1963 1466 2005 luctari.
1528 1977 1658 2017 quare

117 2037 265 2080 ualeat
300 2037 380 2079 hoc
413 2035 735 2079 Gemblacensis
777 2037 1015 2076 inuentum.
1089 2032 1239 2074 eodem
1277 2032 1403 2073 abeat
1439 2031 1660 2086 sepulchra

117 2105 233 2162 quod
265 2120 319 2147 ne
350 2105 432 2161 ipsi
469 2104 644 2160 quidem
681 2103 848 2152 Iacobo,
879 2101 955 2157 qui
992 2116 1104 2142 unus
1139 2099 1312 2155 recepit,
1349 2098 1452 2140 satis
1487 2098 1660 2153 placuit.

116 2174 206 2216 iam
236 2174 336 2223 atri,
365 2174 515 2215 mortis
544 2171 794 2227 funerisque
826 2171 999 2226 uolgare
1031 2168 1266 2224 epitheton,
1296 2167 1340 2208 in
1375 2166 1451 2207 hoc
1484 2166 1661 2207 immani

117 2242 242 2285 Atrei
272 2243 430 2285 scelere
459 2242 568 2284 nihil
594 2241 753 2297 proprii
779 2240 922 2282 habet.
985 2253 1142 2294 repone
1168 2237 1326 2286 TAEtrz',
1349 2242 1364 2278 t
1385 2235 1545 2277 scilicet
1565 2242 1662 2290 post

118 2311 415 2368 ‘gaudebunt’
463 2311 629 2353 amisso.
706 2310 764 2351 sic
805 2309 921 2351 enim
963 2308 1104 2364 ipsum
1145 2306 1310 2348 facinus
1349 2304 1592 2360 appellatur
1639 2319 1664 2345 a

121 2381 298 2432 Seneca,
323 2380 480 2436 Thyest.
513 2380 596 2422 785
619 2394 692 2434 sq.‚
720 2378 924 2420 ‘uerterit
953 2392 1099 2418 currus
1131 2376 1242 2424 licet,
1268 2374 1273 2430 l
1302 2374 1384 2416 sibi
1413 2373 1504 2429 ipse
1535 2373 1662 2414 Titan

121 2451 300 2493 obuium
351 2449 512 2492 ducens
563 2450 646 2491 iter
682 2449 688 2505 Ι
729 2448 1002 2503 tenebrisque
1058 2445 1222 2487 facinus
1277 2444 1429 2485 obruat
1483 2448 1665 2485 taetrum

121 2520 246 2563 nouis
270 2519 278 2576 Ι
305 2533 390 2560 nox
426 2519 558 2561 missa
593 2520 648 2560 ab
684 2518 805 2561 ortu.'
866 2517 992 2560 taetri
1027 2514 1210 2572 sepulcri
1249 2513 1412 2555 dictum
1450 2518 1498 2553 ut
1540 2512 1584 2552 in
1621 2525 1664 2552 re

122 2588 253 2631 simili
293 2587 480 2629 ‘crudeli
530 2588 747 2643 sepulcro’
788 2586 843 2628 ab
895 2585 1034 2627 Ennio
1075 2584 1187 2625 Ann.
1227 2584 1308 2624 139
1351 2580 1570 2634 (Mueller)
1613 2579 1665 2620 de

125 2655 312 2698 uolturio
339 2655 559 2696 hominem
586 2655 847 2696 comedente.
909 2654 1054 2694 luaeum
1082 2651 1115 2692 si
1141 2649 1414 2691 retinendum
1438 2647 1667 2694 uidebitur,

124 2725 368 2782 proximum
404 2724 582 2766 fortasse
615 2724 698 2765 erit
733 2723 846 2779 quod
882 2721 1015 2763 Silius
1051 2718 1182 2760 habet
1215 2720 1278 2758 11.
1311 2717 1396 2757 400
1428 2714 1666 2755 ‘combibat

125 2794 300 2850 illapsos
327 2793 481 2835 ductor
509 2808 587 2848 per
614 2793 779 2834 uiscera
807 2791 956 2832 luxus.'
1017 2788 1090 2830 sed
1118 2787 1224 2829 illud
1254 2786 1422 2832 luctum,
1452 2782 1565 2838 quod
1593 2797 1669 2837 per

127 2878 173 2906 se
198 2863 375 2919 quidem
404 2862 530 2904 nihili
559 2868 638 2911 est,
664 2866 819 2917 potest,
839 2858 964 2900 modo
992 2871 1046 2899 ne
1074 2853 1390 2910 interpolatoris
1418 2852 1486 2902 sit,
1508 2851 1669 2893 luctAm

128 2933 308 2977 innuere
349 2932 478 2975 istam
520 2931 572 2972 de
615 2945 700 2988 qua
741 2929 932 2986 loquitur
973 2927 1136 2968 Seneca
1176 2924 1229 2965 ab
1272 2922 1418 2963 Ellisio
1460 2919 1670 2967 laudatus,

1459 2988 1562 3025 4—2
