1981 3334
600 220 657 258 SI
659 221 687 258 L
704 221 760 258 ΓΑ
808 221 882 258 MA
893 221 954 258 ,Vl
961 222 987 258 L
995 222 1019 258 I
1021 223 1047 258 A
1057 221 1126 258 NA
1137 253 1142 258 .
1614 226 1635 259 ’.ι

101 343 269 399 trigono
293 343 443 384 Librae
465 348 701 398 superatur.
759 341 811 383 de
835 342 975 383 uerbis
998 348 1046 383 ut
1070 343 1303 390 uideaums
1326 352 1437 383 rect--
1463 344 1637 384 Iacobus·

103 412 146 453 in
170 426 208 454 u.
233 414 315 452 534-
337 411 498 452 homini
529 425 602 466 pro
633 410 814 451 hominis
845 411 1047 465 reposuit,
1069 411 1109 451 iu
1150 411 1321 466 reliquis
1345 412 1455 452 idi-m
1485 429 1507 451 a
1541 427 1638 451 ιιιϊι»

103 480 313 522 aberrans.
375 494 485 535 quae
508 486 653 520 tamen
677 479 903 520 emendare
926 494 1008 519 non
1034 479 1157 519 multi
1184 479 1335 519 laboris
1353 479 1434 519 vrit
1455 496 1461 519 :

248 559 340 615 ipse
372 575 472 601 suae
505 559 618 615 parti
651 559 896 601 Centaurus
927 566 1092 614 tergore
1125 559 1260 605 cedit:

250 640 385 681 usque
417 625 524 666 adeo
555 633 619 667 est
653 626 814 666 homiui
849 626 999 666 uictus.
1062 637 1171 680 ‹lull›
1205 626 1331 666 mirer
1358 625 1412 666 ab
1444 625 1527 665 illis

252 694 467 735 nascentis
500 694 653 736 Librae
685 695 875 749 superari
909 710 1030 749 posse
1063 694 1309 748 trigonum?

194 780 202 796 ‘
217 775 304 817 Leo
325 782 558 830 antequam
582 775 707 816 astris
728 775 949 816 accederet
975 775 1028 815 ab
1054 775 1238 815 Hercule
1263 776 1400 815 uictus
1423 782 1498 822 est,
1522 775 1642 815 Aries

107 844 266 886 uellere
301 844 509 900 spoliatus
544 859 570 885 a
607 843 789 895 Phrixo3
832 844 921 899 ipse
959 844 1089 884 etiam
1124 843 1366 886 Centaurus
1397 844 1558 884 homini
1591 844 1644 884 ub

105 918 251 968 tergus
288 912 471 954 ferinum
508 911 623 954 cedit
659 919 703 953 et
740 918 856 954 totus
893 927 917 952 a
951 919 1070 967 parte
1106 912 1170 953 sui
1204 919 1441 968 superatur.
1511 927 1644 967 usquc

109 981 215 1024 adeo
256 981 428 1023 homine
471 981 610 1021 minor
650 987 725 1022 est.
806 996 880 1022 cur
921 982 1075 1022 mirum
1113 982 1168 1022 sit
1205 982 1419 1037 trigonum
1463 981 1517 1021 ab
1559 980 1641 1020 illis

108 1051 214 1105 (scil.
246 1051 400 1099 Leone,
434 1050 593 1098 Ariete,
622 1049 859 1103 Centauro)
894 1051 1105 1091 nascentis
1137 1051 1304 1106 trigono
1338 1051 1489 1091 Librae
1524 1065 1641 1104 posse

109 1120 355 1176 superari?'
418 1120 526 1161 dura
553 1119 658 1161 haec
687 1127 799 1168 sunt,
825 1121 978 1175 inquis,
1005 1128 1047 1161 et
1076 1121 1256 1177 argutiis
1284 1135 1492 1175 peruersa.
1556 1120 1644 1160 Ma-

110 1190 264 1231 nilium
291 1189 448 1245 culpas,
472 1189 587 1244 apud
610 1204 737 1244 quem
763 1189 961 1244 prauiora
983 1190 1120 1230 multa
1143 1189 1345 1229 inuenies.
1410 1195 1458 1228 ‘a
1481 1188 1646 1242 trigono

112 1259 250 1300 nasci'
272 1259 430 1300 dicitur
451 1259 626 1315 ‘trigoni
648 1259 815 1314 partus'
841 1259 907 1300 uel
930 1259 1114 1314 ‘trigono
1136 1266 1262 1300 natus
1278 1259 1308 1309 '3
1339 1259 1481 1300 confer
1503 1274 1563 1300 ex.
1586 1273 1645 1315 gr.

113 1330 208 1377 548,
239 1330 334 1378 560,
369 1330 462 1369 561.
524 1327 656 1369 Libui
691 1328 862 1369 mallem
894 1328 929 1368 si
964 1328 1205 1383 legentibus
1239 1328 1514 1369 consulerem.
1575 1328 1646 1369 sed

112 1396 267 1439 Librae
295 1397 495 1452 superari
525 1397 701 1438 fortasse
732 1411 757 1437 a
789 1396 966 1437 Manilio
993 1397 1113 1437 uenit
1144 1403 1192 1437 ut
1225 1397 1384 1438 lto-mini
1412 1397 1569 1447 m‘ctu33
1599 1396 1645 1437 cf.

114 1478 130 1508 Ι
154 1466 236 1509 759
259 1473 502 1522 ‘terraeque
525 1466 723 1514 remissas
746 1477 792 1506 1V
817 1467 900 1508 896
923 1466 1138 1521 ‘cuiquam
1160 1466 1349 1521 genitos)
1409 1481 1510 1507 suae
1527 1467 1646 1520 parti

115 1549 190 1590 pro
224 1534 316 1576 ‘sui
349 1535 487 1590 parti,'
516 1534 560 1575 in
594 1550 678 1590 quo
713 1549 795 1575 non
835 1534 988 1575 mirum
1026 1541 1090 1575 est
1128 1534 1351 1576 offendisse
1388 1534 1648 1582 Bentleium,

115 1603 274 1658 legitur
294 1603 426 1645 etiam
448 1603 493 1644 in
516 1614 564 1644 IV
588 1606 669 1645 885
691 1618 795 1659 pars
815 1618 902 1644 seca.

204 1700 240 1730 11
263 1691 347 1731 594

331 1758 506 1800 uenales
536 1757 591 1799 ad
622 1758 711 1799 fata
742 1765 885 1813 patres
919 1767 1193 1811 matrumque
1227 1757 1434 1812 sepulcra.

204 1838 318 1880 color
333 1838 462 1879 huius
483 1852 633 1879 uersus
649 1837 776 1892 plane
794 1837 1056 1878 Manilianus
1072 1843 1160 1878 est:
1192 1837 1325 1878 uerba
1346 1851 1444 1878 cum
1466 1837 1544 1877 hoc
1567 1836 1648 1877 sibi

117 1908 442 1964 uelint‚‘patres
457 1922 563 1963 quos
578 1908 671 1949 nati
687 1908 753 1949 sui
777 1907 970 1949 mercede
992 1913 1168 1962 accepta
1189 1906 1243 1947 ad
1267 1906 1449 1947 exitium
1472 1905 1650 1946 tradunt

119 1984 364 2032 matresque
395 1991 421 2018 a
451 1976 551 2018 filiis
579 1977 774 2025 necatas,'
803 1976 906 2017 olim
939 1991 1037 2017 eum
1070 1982 1166 2031 post
1197 1990 1236 2017 u.
1268 1977 1348 2017 596
1382 1975 1575 2017 extitisse
1607 1975 1650 2015 in

117 2054 320 2103 promptu
348 2052 414 2088 est
439 2047 659 2102 suspicari,
684 2047 844 2102 poterit
870 2053 1016 2087 autem
1044 2046 1178 2087 etiam
1205 2045 1288 2086 alio
1316 2045 1494 2092 traduci,
1523 2050 1573 2084 ut
1599 2043 1651 2085 de

118 2115 209 2158 loco
227 2115 381 2157 melius
401 2116 459 2157 sit
484 2116 593 2157 nihil
617 2116 882 2157 adseuerare.
935 2121 1188 2170 sequentem
1211 2129 1384 2155 uersum
1406 2113 1502 2168 quis
1523 2113 1653 2167 scrip-

119 2187 224 2229 serit
244 2193 290 2228 et
311 2201 395 2242 quo
417 2186 506 2228 loco
527 2201 679 2242 parum
702 2186 848 2243 liquet.
909 2186 961 2227 de
980 2186 1133 2227 lacuna
1153 2186 1268 2240 (post
1291 2199 1329 2226 u.
1349 2185 1452 2237 593)
1476 2183 1654 2225 Iacobus

122 2255 344 2312 cogitauit.

209 2348 245 2378 11
268 2339 350 2380 619
372 2352 463 2393 sqq.

238 2412 285 2448 at
315 2421 448 2462 quum
481 2405 683 2461 Lanigeri
715 2411 864 2461 partus
891 2405 971 2446 sub
1003 2411 1185 2460 utroque
1219 2405 1383 2459 trigono

242 2491 325 2517 non
356 2476 494 2532 parcit
523 2476 598 2518 sed
631 2491 724 2517 rara
753 2475 866 2531 gerit
897 2490 973 2530 pro
1006 2483 1197 2529 tempore
1228 2474 1342 2515 bella
1574 2473 1657 2513 (320

241 2544 354 2600 quod
386 2544 532 2586 feritas
563 2543 788 2598 utriusque
821 2544 958 2599 magis
990 2558 1065 2598 pro
1098 2549 1288 2597 tempore
1320 2541 1444 2597 cogit.

242 2614 339 2669 plus
370 2620 515 2656 tamen
547 2613 592 2654 in
623 2612 784 2668 duplici
818 2611 1133 2653 numerandum
1165 2618 1229 2652 est
1262 2611 1422 2652 roboris
1453 2624 1554 2655 esse,

241 2683 311 2725 cui
341 2683 599 2725 commixtus
631 2683 758 2723 homo
789 2687 854 2723 est
884 2696 1014 2736 quain
1047 2688 1102 2729 tc,
1139 2681 1175 2721 N
1184 2695 1368 2728 emeaee,
1399 2679 1478 2719 sub
1510 2693 1603 2718 uno.

243 2752 398 2794 idcirco
429 2757 473 2794 et
503 2766 587 2807 pax
618 2757 683 2792 est
713 2751 845 2806 signis
876 2758 920 2792 et
953 2750 1088 2790 mixta
1118 2749 1318 2805 querella.

216 2853 267 2880 ex
304 2838 372 2879 his
407 2853 478 2880 uu.
515 2839 739 2880 619-621
777 2836 1001 2877 damnauit
1034 2834 1265 2875 Bentleius.
1322 2832 1482 2872 “Nihil
1514 2830 1656 2871 cuim”

129 2906 272 2963 inquit
291 2906 375 2948 “in
406 2906 474 2948 his
506 2907 642 2947 tribus
675 2912 740 2947 cst
774 2905 886 2960 quod
920 2919 1000 2944 non
1035 2909 1165 2944 antea
1192 2902 1354 2943 dictum
1383 2901 1449 2942 sit.
1506 2899 1659 2940 Parte.»-
