<?xml version="1.0" encoding="UTF-8"?>
<!DOCTYPE html PUBLIC "-//W3C//DTD XHTML 1.0 Transitional//EN"
    "http://www.w3.org/TR/xhtml1/DTD/xhtml1-transitional.dtd">
<html xmlns="http://www.w3.org/1999/xhtml" xml:lang="en" lang="en">
 <head>
  <title>
</title>
<meta http-equiv="Content-Type" content="text/html;charset=utf-8" />
  <meta name='ocr-system' content='tesseract 3.04.00' />
  <meta name='ocr-capabilities' content='ocr_page ocr_carea ocr_par ocr_line ocrx_word'/>
</head>
<body>
  <div class='ocr_page' id='page_1' title='image "./silvamaniliana00postuoft_0049.png"; bbox 0 0 1981 3334; ppageno 0'>
   <div class='ocr_carea' id='block_1_1' title="bbox 583 244 1618 285">
    <p class='ocr_par' dir='ltr' id='par_1_1' title="bbox 583 244 1618 285">
     <span class='ocr_line' id='line_1_1' title="bbox 583 244 1618 285; baseline 0.005 -5"><span class='ocrx_word' id='word_1_1' title='bbox 583 244 641 282; x_wconf 77' lang='lat' dir='ltr'>SI</span> <span class='ocrx_word' id='word_1_2' title='bbox 643 245 673 282; x_wconf 89' lang='lat' dir='ltr'><em>L</em></span> <span class='ocrx_word' id='word_1_3' title='bbox 687 244 744 282; x_wconf 79' lang='lat' dir='ltr'>VA</span> <span class='ocrx_word' id='word_1_4' title='bbox 790 244 1122 283; x_wconf 30' lang='lat' dir='ltr'>.1[.v1NJLl.-1.v,›1.</span> <span class='ocrx_word' id='word_1_5' title='bbox 1571 249 1592 283; x_wconf 80' lang='lat'>:3</span> <span class='ocrx_word' id='word_1_6' title='bbox 1600 249 1618 285; x_wconf 90' lang='grc'><strong>7</strong></span> 
     </span>
    </p>
   </div>
   <div class='ocr_carea' id='block_1_2' title="bbox 88 365 1626 698">
    <p class='ocr_par' dir='ltr' id='par_1_2' title="bbox 88 365 1626 698">
     <span class='ocr_line' id='line_1_2' title="bbox 173 365 1620 421; baseline -0.002 -12"><span class='ocrx_word' id='word_1_7' title='bbox 173 367 219 409; x_wconf 82' lang='lat' dir='ltr'>in</span> <span class='ocrx_word' id='word_1_8' title='bbox 250 366 350 409; x_wconf 75' lang='lat' dir='ltr'>uitio</span> <span class='ocrx_word' id='word_1_9' title='bbox 381 367 507 408; x_wconf 77' lang='lat' dir='ltr'>bonus</span> <span class='ocrx_word' id='word_1_10' title='bbox 537 372 588 408; x_wconf 76' lang='lat' dir='ltr'>ut.</span> <span class='ocrx_word' id='word_1_11' title='bbox 650 366 812 421; x_wconf 87' lang='lat' dir='ltr'>optime</span> <span class='ocrx_word' id='word_1_12' title='bbox 844 365 1019 407; x_wconf 84' lang='lat' dir='ltr'>Ellisius</span> <span class='ocrx_word' id='word_1_13' title='bbox 1048 366 1151 408; x_wconf 75' lang='lat' dir='ltr'>bona</span> <span class='ocrx_word' id='word_1_14' title='bbox 1181 372 1289 417; x_wconf 61' lang='lat' dir='ltr'>sset¹3</span> <span class='ocrx_word' id='word_1_15' title='bbox 1325 367 1396 408; x_wconf 74' lang='lat' dir='ltr'>sed</span> <span class='ocrx_word' id='word_1_16' title='bbox 1429 382 1514 407; x_wconf 77' lang='lat' dir='ltr'>rem</span> <span class='ocrx_word' id='word_1_17' title='bbox 1541 382 1620 407; x_wconf 75' lang='lat' dir='ltr'>nou</span> 
     </span>
     <span class='ocr_line' id='line_1_3' title="bbox 88 434 1624 490; baseline -0.003 -13"><span class='ocrx_word' id='word_1_18' title='bbox 88 435 284 477; x_wconf 81' lang='lat' dir='ltr'>absoluit.</span> <span class='ocrx_word' id='word_1_19' title='bbox 346 450 444 476; x_wconf 86' lang='lat' dir='ltr'>nam</span> <span class='ocrx_word' id='word_1_20' title='bbox 469 446 632 476; x_wconf 68' lang='grc' dir='ltr'><em>ΙΧΙἹΤΟ</em></span> <span class='ocrx_word' id='word_1_21' title='bbox 653 449 677 475; x_wconf 85' lang='lat' dir='ltr'>a</span> <span class='ocrx_word' id='word_1_22' title='bbox 699 434 916 475; x_wconf 77' lang='lat' dir='ltr'>sententia</span> <span class='ocrx_word' id='word_1_23' title='bbox 939 434 1170 490; x_wconf 82' lang='lat' dir='ltr'>flagitatur.</span> <span class='ocrx_word' id='word_1_24' title='bbox 1227 435 1299 489; x_wconf 78' lang='lat' dir='ltr'>qni</span> <span class='ocrx_word' id='word_1_25' title='bbox 1324 449 1476 488; x_wconf 78' lang='lat' dir='ltr'>magna</span> <span class='ocrx_word' id='word_1_26' title='bbox 1500 441 1624 474; x_wconf 77' lang='lat' dir='ltr'>natu-</span> 
     </span>
     <span class='ocr_line' id='line_1_4' title="bbox 88 500 1626 550; baseline -0.003 -4"><span class='ocrx_word' id='word_1_27' title='bbox 88 519 160 546; x_wconf 79' lang='lat' dir='ltr'>rae</span> <span class='ocrx_word' id='word_1_28' title='bbox 195 504 434 546; x_wconf 87' lang='lat' dir='ltr'>cohibendo</span> <span class='ocrx_word' id='word_1_29' title='bbox 473 518 650 544; x_wconf 87' lang='lat' dir='ltr'>munera</span> <span class='ocrx_word' id='word_1_30' title='bbox 684 503 836 550; x_wconf 83' lang='lat' dir='ltr'>frenat,</span> <span class='ocrx_word' id='word_1_31' title='bbox 871 502 969 543; x_wconf 85' lang='lat' dir='ltr'>huic</span> <span class='ocrx_word' id='word_1_32' title='bbox 1006 511 1120 543; x_wconf 78' lang='lat' dir='ltr'>certe</span> <span class='ocrx_word' id='word_1_33' title='bbox 1157 503 1322 543; x_wconf 84' lang='lat' dir='ltr'>‘inuito</span> <span class='ocrx_word' id='word_1_34' title='bbox 1357 503 1467 542; x_wconf 79' lang='lat' dir='ltr'>bona</span> <span class='ocrx_word' id='word_1_35' title='bbox 1503 500 1626 542; x_wconf 59' lang='lat' dir='ltr'>sunt)</span> 
     </span>
     <span class='ocr_line' id='line_1_5' title="bbox 90 571 1626 625; baseline -0.004 -10"><span class='ocrx_word' id='word_1_36' title='bbox 90 573 266 615; x_wconf 82' lang='lat' dir='ltr'>datiuus</span> <span class='ocrx_word' id='word_1_37' title='bbox 288 573 331 614; x_wconf 88' lang='lat' dir='ltr'>in</span> <span class='ocrx_word' id='word_1_38' title='bbox 356 573 514 614; x_wconf 86' lang='lat' dir='ltr'>talibus</span> <span class='ocrx_word' id='word_1_39' title='bbox 543 572 814 621; x_wconf 86' lang='lat' dir='ltr'>notissimus;</span> <span class='ocrx_word' id='word_1_40' title='bbox 847 572 941 612; x_wconf 87' lang='lat' dir='ltr'>Tac.</span> <span class='ocrx_word' id='word_1_41' title='bbox 967 571 1018 612; x_wconf 79' lang='lat' dir='ltr'>ab</span> <span class='ocrx_word' id='word_1_42' title='bbox 1040 586 1203 613; x_wconf 62' lang='lat' dir='ltr'>excessu</span> <span class='ocrx_word' id='word_1_43' title='bbox 1227 575 1257 612; x_wconf 92' lang='lat' dir='ltr'>l.</span> <span class='ocrx_word' id='word_1_44' title='bbox 1283 576 1334 613; x_wconf 79' lang='lat'>59</span> <span class='ocrx_word' id='word_1_45' title='bbox 1359 577 1425 612; x_wconf 85' lang='lat' dir='ltr'>‘ut</span> <span class='ocrx_word' id='word_1_46' title='bbox 1453 571 1626 625; x_wconf 73' lang='lat' dir='ltr'>quibus-</span> 
     </span>
     <span class='ocr_line' id='line_1_6' title="bbox 91 641 1048 698; baseline -0.002 -14"><span class='ocrx_word' id='word_1_47' title='bbox 91 656 176 698; x_wconf 87' lang='lat' dir='ltr'>que</span> <span class='ocrx_word' id='word_1_48' title='bbox 198 641 360 684; x_wconf 85' lang='lat' dir='ltr'>bellum</span> <span class='ocrx_word' id='word_1_49' title='bbox 383 642 535 684; x_wconf 77' lang='lat' dir='ltr'>inuitis</span> <span class='ocrx_word' id='word_1_50' title='bbox 555 648 633 683; x_wconf 85' lang='lat' dir='ltr'>aut</span> <span class='ocrx_word' id='word_1_51' title='bbox 653 641 912 697; x_wconf 74' lang='lat' dir='ltr'>cupientibus</span> <span class='ocrx_word' id='word_1_52' title='bbox 933 641 1048 683; x_wconf 82' lang='lat' dir='ltr'>erat.&#39;</span> 
     </span>
    </p>
   </div>
   <div class='ocr_carea' id='block_1_3' title="bbox 179 741 1627 942">
    <p class='ocr_par' dir='ltr' id='par_1_3' title="bbox 179 741 1627 942">
     <span class='ocr_line' id='line_1_7' title="bbox 179 741 454 795; baseline -0.004 -14"><span class='ocrx_word' id='word_1_53' title='bbox 179 749 230 781; x_wconf 85' lang='lat' dir='ltr'>IV</span> <span class='ocrx_word' id='word_1_54' title='bbox 262 741 346 781; x_wconf 86' lang='lat'>204</span> <span class='ocrx_word' id='word_1_55' title='bbox 366 753 454 795; x_wconf 92' lang='lat' dir='ltr'><strong>sqq.</strong></span> 
     </span>
     <span class='ocr_line' id='line_1_8' title="bbox 266 816 1627 872; baseline -0.004 -12"><span class='ocrx_word' id='word_1_56' title='bbox 266 818 473 860; x_wconf 77' lang='lat' dir='ltr'>librantes</span> <span class='ocrx_word' id='word_1_57' title='bbox 505 823 673 859; x_wconf 88' lang='lat' dir='ltr'>noctem</span> <span class='ocrx_word' id='word_1_58' title='bbox 705 817 866 861; x_wconf 84' lang='lat' dir='ltr'>Chelae</span> <span class='ocrx_word' id='word_1_59' title='bbox 898 833 995 859; x_wconf 85' lang='lat' dir='ltr'>cum</span> <span class='ocrx_word' id='word_1_60' title='bbox 1029 824 1220 872; x_wconf 88' lang='lat' dir='ltr'>tempore</span> <span class='ocrx_word' id='word_1_61' title='bbox 1255 817 1358 858; x_wconf 81' lang='lat' dir='ltr'>lucis</span> <span class='ocrx_word' id='word_1_62' title='bbox 1545 816 1627 855; x_wconf 72' lang='lat'>204</span> 
     </span>
     <span class='ocr_line' id='line_1_9' title="bbox 267 884 1627 942; baseline -0.004 -14"><span class='ocrx_word' id='word_1_63' title='bbox 267 901 492 929; x_wconf 85' lang='lat' dir='ltr'>mensurae</span> <span class='ocrx_word' id='word_1_64' title='bbox 525 886 719 928; x_wconf 85' lang='lat' dir='ltr'>tribuent</span> <span class='ocrx_word' id='word_1_65' title='bbox 755 901 855 927; x_wconf 91' lang='lat' dir='ltr'>usus</span> <span class='ocrx_word' id='word_1_66' title='bbox 887 901 936 928; x_wconf 89' lang='lat' dir='ltr'>ac</span> <span class='ocrx_word' id='word_1_67' title='bbox 972 886 1158 942; x_wconf 87' lang='lat' dir='ltr'>pondera</span> <span class='ocrx_word' id='word_1_68' title='bbox 1194 900 1335 927; x_wconf 88' lang='lat' dir='ltr'>rerum</span> <span class='ocrx_word' id='word_1_69' title='bbox 1547 884 1627 923; x_wconf 76' lang='grc'>206</span> 
     </span>
    </p>
   </div>
   <div class='ocr_carea' id='block_1_4' title="bbox 95 981 1630 1110">
    <p class='ocr_par' dir='ltr' id='par_1_4' title="bbox 95 981 1630 1110">
     <span class='ocr_line' id='line_1_10' title="bbox 181 981 1630 1038; baseline -0.003 -13"><span class='ocrx_word' id='word_1_70' title='bbox 181 983 442 1026; x_wconf 77' lang='lat' dir='ltr'>dormitabat</span> <span class='ocrx_word' id='word_1_71' title='bbox 471 982 540 1024; x_wconf 92' lang='lat' dir='ltr'>hic</span> <span class='ocrx_word' id='word_1_72' title='bbox 569 988 676 1038; x_wconf 88' lang='lat' dir='ltr'>puto</span> <span class='ocrx_word' id='word_1_73' title='bbox 706 982 941 1032; x_wconf 83' lang='lat' dir='ltr'>Bentleius,</span> <span class='ocrx_word' id='word_1_74' title='bbox 964 983 1038 1038; x_wconf 87' lang='lat' dir='ltr'>qui</span> <span class='ocrx_word' id='word_1_75' title='bbox 1068 998 1239 1024; x_wconf 84' lang='lat' dir='ltr'>uersum</span> <span class='ocrx_word' id='word_1_76' title='bbox 1263 997 1391 1038; x_wconf 83' lang='lat' dir='ltr'>quem</span> <span class='ocrx_word' id='word_1_77' title='bbox 1422 987 1516 1036; x_wconf 87' lang='lat' dir='ltr'>post</span> <span class='ocrx_word' id='word_1_78' title='bbox 1548 981 1630 1021; x_wconf 74' lang='lat'>204</span> 
     </span>
     <span class='ocr_line' id='line_1_11' title="bbox 95 1053 504 1110; baseline -0.005 -14"><span class='ocrx_word' id='word_1_79' title='bbox 95 1059 319 1110; x_wconf 82' lang='lat' dir='ltr'>praestant</span> <span class='ocrx_word' id='word_1_80' title='bbox 339 1053 504 1095; x_wconf 88' lang='lat' dir='ltr'>codices</span> 
     </span>
    </p>
   </div>
   <div class='ocr_carea' id='block_1_5' title="bbox 271 1136 1398 1196">
    <p class='ocr_par' dir='ltr' id='par_1_5' title="bbox 271 1136 1398 1196">
     <span class='ocr_line' id='line_1_12' title="bbox 271 1136 1398 1196; baseline -0.004 -15"><span class='ocrx_word' id='word_1_81' title='bbox 271 1155 346 1196; x_wconf 90' lang='lat' dir='ltr'>per</span> <span class='ocrx_word' id='word_1_82' title='bbox 375 1154 489 1181; x_wconf 89' lang='lat' dir='ltr'>noua</span> <span class='ocrx_word' id='word_1_83' title='bbox 521 1139 679 1180; x_wconf 86' lang='lat' dir='ltr'>maturi</span> <span class='ocrx_word' id='word_1_84' title='bbox 709 1144 803 1193; x_wconf 91' lang='lat' dir='ltr'>post</span> <span class='ocrx_word' id='word_1_85' title='bbox 836 1152 996 1179; x_wconf 85' lang='lat' dir='ltr'>annum</span> <span class='ocrx_word' id='word_1_86' title='bbox 1031 1152 1209 1179; x_wconf 86' lang='lat' dir='ltr'>munera</span> <span class='ocrx_word' id='word_1_87' title='bbox 1242 1136 1398 1178; x_wconf 86' lang='lat' dir='ltr'>Bacchi</span> 
     </span>
    </p>
   </div>
   <div class='ocr_carea' id='block_1_6' title="bbox 96 1225 1638 1702">
    <p class='ocr_par' dir='ltr' id='par_1_6' title="bbox 96 1225 1638 1702">
     <span class='ocr_line' id='line_1_13' title="bbox 97 1225 1632 1286; baseline -0.007 -12"><span class='ocrx_word' id='word_1_88' title='bbox 97 1247 179 1274; x_wconf 89' lang='lat' dir='ltr'>non</span> <span class='ocrx_word' id='word_1_89' title='bbox 221 1232 396 1274; x_wconf 87' lang='lat' dir='ltr'>eiecerit</span> <span class='ocrx_word' id='word_1_90' title='bbox 437 1231 510 1272; x_wconf 88' lang='lat' dir='ltr'>sed</span> <span class='ocrx_word' id='word_1_91' title='bbox 555 1230 763 1286; x_wconf 85' lang='lat' dir='ltr'>corrigere</span> <span class='ocrx_word' id='word_1_92' title='bbox 800 1229 1035 1284; x_wconf 83' lang='lat' dir='ltr'>temptarit.</span> <span class='ocrx_word' id='word_1_93' title='bbox 1096 1228 1195 1283; x_wconf 86' lang='lat' dir='ltr'>quid</span> <span class='ocrx_word' id='word_1_94' title='bbox 1230 1228 1343 1269; x_wconf 85' lang='lat' dir='ltr'>enim</span> <span class='ocrx_word' id='word_1_95' title='bbox 1376 1225 1429 1267; x_wconf 86' lang='lat' dir='ltr'>ad</span> <span class='ocrx_word' id='word_1_96' title='bbox 1464 1225 1632 1266; x_wconf 83' lang='lat' dir='ltr'>Libram</span> 
     </span>
     <span class='ocr_line' id='line_1_14' title="bbox 96 1293 1633 1356; baseline -0.007 -13"><span class='ocrx_word' id='word_1_97' title='bbox 96 1300 316 1356; x_wconf 83' lang='lat' dir='ltr'>pertinent</span> <span class='ocrx_word' id='word_1_98' title='bbox 337 1300 419 1341; x_wconf 87' lang='lat' dir='ltr'>ista</span> <span class='ocrx_word' id='word_1_99' title='bbox 438 1299 594 1340; x_wconf 84' lang='lat' dir='ltr'>Bacchi</span> <span class='ocrx_word' id='word_1_100' title='bbox 618 1313 796 1340; x_wconf 81' lang='lat' dir='ltr'>munera</span> <span class='ocrx_word' id='word_1_101' title='bbox 815 1301 827 1339; x_wconf 68' lang='grc' dir='ltr'><em>ἓ</em></span> <span class='ocrx_word' id='word_1_102' title='bbox 879 1298 982 1353; x_wconf 87' lang='lat' dir='ltr'>quid</span> <span class='ocrx_word' id='word_1_103' title='bbox 1001 1313 1050 1339; x_wconf 87' lang='lat' dir='ltr'>ex</span> <span class='ocrx_word' id='word_1_104' title='bbox 1072 1305 1160 1338; x_wconf 87' lang='lat' dir='ltr'>toto</span> <span class='ocrx_word' id='word_1_105' title='bbox 1183 1297 1271 1338; x_wconf 89' lang='lat' dir='ltr'>loco</span> <span class='ocrx_word' id='word_1_106' title='bbox 1295 1310 1472 1350; x_wconf 80' lang='lat' dir='ltr'>usquam</span> <span class='ocrx_word' id='word_1_107' title='bbox 1496 1293 1633 1335; x_wconf 89' lang='lat' dir='ltr'>simile</span> 
     </span>
     <span class='ocr_line' id='line_1_15' title="bbox 98 1364 1636 1426; baseline -0.006 -15"><span class='ocrx_word' id='word_1_108' title='bbox 98 1369 406 1426; x_wconf 80' lang='lat' dir='ltr'>indagabitur?</span> <span class='ocrx_word' id='word_1_109' title='bbox 466 1384 541 1410; x_wconf 86' lang='lat' dir='ltr'>cur</span> <span class='ocrx_word' id='word_1_110' title='bbox 569 1369 603 1410; x_wconf 91' lang='lat' dir='ltr'>si</span> <span class='ocrx_word' id='word_1_111' title='bbox 626 1367 858 1411; x_wconf 84' lang='lat' dir='ltr'>Chelarum</span> <span class='ocrx_word' id='word_1_112' title='bbox 882 1374 1055 1422; x_wconf 82' lang='lat' dir='ltr'>tempus</span> <span class='ocrx_word' id='word_1_113' title='bbox 1077 1366 1315 1422; x_wconf 82' lang='lat' dir='ltr'>significare</span> <span class='ocrx_word' id='word_1_114' title='bbox 1339 1364 1476 1405; x_wconf 87' lang='lat' dir='ltr'>uoluit</span> <span class='ocrx_word' id='word_1_115' title='bbox 1498 1369 1636 1418; x_wconf 86' lang='lat' dir='ltr'>poeta,</span> 
     </span>
     <span class='ocr_line' id='line_1_16' title="bbox 98 1435 1636 1497; baseline -0.007 -15"><span class='ocrx_word' id='word_1_116' title='bbox 98 1444 213 1497; x_wconf 79' lang='lat' dir='ltr'>‘post</span> <span class='ocrx_word' id='word_1_117' title='bbox 247 1454 408 1482; x_wconf 76' lang='lat' dir='ltr'>annam</span> <span class='ocrx_word' id='word_1_118' title='bbox 446 1438 626 1479; x_wconf 86' lang='lat' dir='ltr'>maturi&#39;</span> <span class='ocrx_word' id='word_1_119' title='bbox 660 1437 803 1478; x_wconf 74' lang='lat' dir='ltr'>dixit?</span> <span class='ocrx_word' id='word_1_120' title='bbox 863 1442 908 1477; x_wconf 87' lang='lat' dir='ltr'>at</span> <span class='ocrx_word' id='word_1_121' title='bbox 949 1437 982 1477; x_wconf 91' lang='lat' dir='ltr'>si</span> <span class='ocrx_word' id='word_1_122' title='bbox 1025 1435 1154 1477; x_wconf 85' lang='lat' dir='ltr'>alieni</span> <span class='ocrx_word' id='word_1_123' title='bbox 1196 1435 1264 1476; x_wconf 87' lang='lat' dir='ltr'>hic</span> <span class='ocrx_word' id='word_1_124' title='bbox 1306 1439 1418 1481; x_wconf 79' lang='lat' dir='ltr'>sunt,</span> <span class='ocrx_word' id='word_1_125' title='bbox 1450 1439 1499 1473; x_wconf 90' lang='lat' dir='ltr'>ut</span> <span class='ocrx_word' id='word_1_126' title='bbox 1535 1437 1636 1472; x_wconf 86' lang='lat' dir='ltr'>sunt</span> 
     </span>
     <span class='ocr_line' id='line_1_17' title="bbox 99 1501 1634 1563; baseline -0.007 -12"><span class='ocrx_word' id='word_1_127' title='bbox 99 1508 362 1558; x_wconf 86' lang='lat' dir='ltr'>alienissimi,</span> <span class='ocrx_word' id='word_1_128' title='bbox 394 1523 470 1550; x_wconf 88' lang='lat' dir='ltr'>cur</span> <span class='ocrx_word' id='word_1_129' title='bbox 504 1507 601 1563; x_wconf 89' lang='lat' dir='ltr'>quis</span> <span class='ocrx_word' id='word_1_130' title='bbox 635 1506 862 1548; x_wconf 78' lang='lat' dir='ltr'>intulerit?</span> <span class='ocrx_word' id='word_1_131' title='bbox 910 1505 1060 1547; x_wconf 88' lang='lat' dir='ltr'>dicam.</span> <span class='ocrx_word' id='word_1_132' title='bbox 1122 1520 1218 1545; x_wconf 83' lang='lat' dir='ltr'>cum</span> <span class='ocrx_word' id='word_1_133' title='bbox 1251 1519 1325 1559; x_wconf 89' lang='lat' dir='ltr'>pro</span> <span class='ocrx_word' id='word_1_134' title='bbox 1357 1502 1558 1544; x_wconf 73' lang='lat' dir='ltr'>librantes</span> <span class='ocrx_word' id='word_1_135' title='bbox 1593 1501 1634 1540; x_wconf 89' lang='lat' dir='ltr'>in</span> 
     </span>
     <span class='ocr_line' id='line_1_18' title="bbox 101 1569 1638 1627; baseline -0.007 -8"><span class='ocrx_word' id='word_1_136' title='bbox 101 1577 319 1619; x_wconf 87' lang='lat' dir='ltr'>codicibus</span> <span class='ocrx_word' id='word_1_137' title='bbox 355 1576 555 1618; x_wconf 88' lang='lat' dir='ltr'>omnibus</span> <span class='ocrx_word' id='word_1_138' title='bbox 589 1575 764 1617; x_wconf 74' lang='lat' dir='ltr'>libantes</span> <span class='ocrx_word' id='word_1_139' title='bbox 797 1574 866 1623; x_wconf 81' lang='lat' dir='ltr'>sit,</span> <span class='ocrx_word' id='word_1_140' title='bbox 899 1574 1030 1615; x_wconf 87' lang='lat' dir='ltr'>etiam</span> <span class='ocrx_word' id='word_1_141' title='bbox 1063 1573 1107 1614; x_wconf 91' lang='lat' dir='ltr'>in</span> <span class='ocrx_word' id='word_1_142' title='bbox 1140 1573 1369 1627; x_wconf 81' lang='lat' dir='ltr'>archetypo</span> <span class='ocrx_word' id='word_1_143' title='bbox 1402 1571 1478 1611; x_wconf 89' lang='lat' dir='ltr'>hoc</span> <span class='ocrx_word' id='word_1_144' title='bbox 1510 1569 1638 1610; x_wconf 89' lang='lat' dir='ltr'>fuisse</span> 
     </span>
     <span class='ocr_line' id='line_1_19' title="bbox 102 1641 1638 1702; baseline -0.007 -14"><span class='ocrx_word' id='word_1_145' title='bbox 102 1647 226 1688; x_wconf 86' lang='lat' dir='ltr'>facile</span> <span class='ocrx_word' id='word_1_146' title='bbox 256 1646 484 1702; x_wconf 88' lang='lat' dir='ltr'>colligitur.</span> <span class='ocrx_word' id='word_1_147' title='bbox 548 1645 694 1700; x_wconf 86' lang='lat' dir='ltr'>itaque</span> <span class='ocrx_word' id='word_1_148' title='bbox 727 1659 780 1685; x_wconf 89' lang='lat' dir='ltr'>ne</span> <span class='ocrx_word' id='word_1_149' title='bbox 813 1643 925 1685; x_wconf 88' lang='lat' dir='ltr'>desit</span> <span class='ocrx_word' id='word_1_150' title='bbox 961 1642 1073 1697; x_wconf 87' lang='lat' dir='ltr'>quod</span> <span class='ocrx_word' id='word_1_151' title='bbox 1106 1641 1312 1689; x_wconf 88' lang='lat' dir='ltr'>‘libetur,&#39;</span> <span class='ocrx_word' id='word_1_152' title='bbox 1348 1641 1430 1681; x_wconf 85' lang='lat' dir='ltr'>huc</span> <span class='ocrx_word' id='word_1_153' title='bbox 1467 1652 1638 1680; x_wconf 86' lang='lat' dir='ltr'>uersum</span> 
     </span>
    </p>
   </div>
   <div class='ocr_carea' id='block_1_7' title="bbox 102 1707 1639 1828">
    <p class='ocr_par' dir='ltr' id='par_1_7' title="bbox 102 1707 1639 1828">
     <span class='ocr_line' id='line_1_20' title="bbox 102 1707 1639 1771; baseline -0.006 -14"><span class='ocrx_word' id='word_1_154' title='bbox 102 1715 265 1758; x_wconf 85' lang='lat' dir='ltr'>librarii</span> <span class='ocrx_word' id='word_1_155' title='bbox 292 1721 442 1771; x_wconf 84' lang='lat' dir='ltr'>stupor</span> <span class='ocrx_word' id='word_1_156' title='bbox 472 1713 633 1756; x_wconf 89' lang='lat' dir='ltr'>intulit.</span> <span class='ocrx_word' id='word_1_157' title='bbox 694 1713 791 1768; x_wconf 88' lang='lat' dir='ltr'>quis</span> <span class='ocrx_word' id='word_1_158' title='bbox 819 1728 918 1754; x_wconf 86' lang='lat' dir='ltr'>eum</span> <span class='ocrx_word' id='word_1_159' title='bbox 948 1712 1161 1767; x_wconf 86' lang='lat' dir='ltr'>scripserit</span> <span class='ocrx_word' id='word_1_160' title='bbox 1188 1717 1231 1752; x_wconf 90' lang='lat' dir='ltr'>et</span> <span class='ocrx_word' id='word_1_161' title='bbox 1261 1724 1345 1765; x_wconf 87' lang='lat' dir='ltr'>quo</span> <span class='ocrx_word' id='word_1_162' title='bbox 1375 1710 1474 1756; x_wconf 90' lang='lat' dir='ltr'>loco,</span> <span class='ocrx_word' id='word_1_163' title='bbox 1497 1707 1639 1749; x_wconf 91' lang='lat' dir='ltr'>decer-</span> 
     </span>
     <span class='ocr_line' id='line_1_21' title="bbox 103 1785 480 1828; baseline -0.005 0"><span class='ocrx_word' id='word_1_164' title='bbox 103 1800 204 1828; x_wconf 91' lang='lat' dir='ltr'>nere</span> <span class='ocrx_word' id='word_1_165' title='bbox 226 1800 310 1827; x_wconf 91' lang='lat' dir='ltr'>non</span> <span class='ocrx_word' id='word_1_166' title='bbox 332 1785 480 1827; x_wconf 87' lang='lat' dir='ltr'>ausim.</span> 
     </span>
    </p>
   </div>
   <div class='ocr_carea' id='block_1_8' title="bbox 192 1890 469 1944">
    <p class='ocr_par' dir='ltr' id='par_1_8' title="bbox 192 1890 469 1944">
     <span class='ocr_line' id='line_1_22' title="bbox 192 1890 469 1944; baseline -0.004 -14"><span class='ocrx_word' id='word_1_167' title='bbox 192 1899 242 1930; x_wconf 88' lang='lat' dir='ltr'>1v</span> <span class='ocrx_word' id='word_1_168' title='bbox 275 1890 358 1930; x_wconf 93' lang='grc'>222</span> <span class='ocrx_word' id='word_1_169' title='bbox 381 1902 469 1944; x_wconf 84' lang='lat' dir='ltr'>sqq.</span> 
     </span>
    </p>
   </div>
   <div class='ocr_carea' id='block_1_9' title="bbox 278 1939 1586 2134">
    <p class='ocr_par' dir='ltr' id='par_1_9' title="bbox 278 1939 1586 2134">
     <span class='ocr_line' id='line_1_23' title="bbox 803 1939 1304 1997; baseline -0.008 -14"><span class='ocrx_word' id='word_1_170' title='bbox 803 1942 908 1997; x_wconf 88' lang='lat' dir='ltr'>quin</span> <span class='ocrx_word' id='word_1_171' title='bbox 941 1941 1034 1996; x_wconf 86' lang='lat' dir='ltr'>ipsa</span> <span class='ocrx_word' id='word_1_172' title='bbox 1064 1940 1144 1982; x_wconf 88' lang='lat' dir='ltr'>sub</span> <span class='ocrx_word' id='word_1_173' title='bbox 1175 1939 1304 1980; x_wconf 87' lang='lat' dir='ltr'>armis</span> 
     </span>
     <span class='ocr_line' id='line_1_24' title="bbox 278 2010 1449 2071; baseline -0.008 -14"><span class='ocrx_word' id='word_1_174' title='bbox 278 2030 363 2071; x_wconf 87' lang='lat' dir='ltr'>pax</span> <span class='ocrx_word' id='word_1_175' title='bbox 393 2014 560 2070; x_wconf 81' lang='lat' dir='ltr'>agitur3</span> <span class='ocrx_word' id='word_1_176' title='bbox 590 2012 767 2067; x_wconf 89' lang='lat' dir='ltr'>capiunt</span> <span class='ocrx_word' id='word_1_177' title='bbox 798 2011 933 2052; x_wconf 88' lang='lat' dir='ltr'>saltus</span> <span class='ocrx_word' id='word_1_178' title='bbox 964 2010 1178 2065; x_wconf 84' lang='lat' dir='ltr'>siluasque</span> <span class='ocrx_word' id='word_1_179' title='bbox 1211 2013 1449 2064; x_wconf 82' lang='lat' dir='ltr'>pererrant;</span> 
     </span>
     <span class='ocr_line' id='line_1_25' title="bbox 280 2077 1586 2134; baseline -0.008 -8"><span class='ocrx_word' id='word_1_180' title='bbox 280 2099 394 2126; x_wconf 90' lang='lat' dir='ltr'>nunc</span> <span class='ocrx_word' id='word_1_181' title='bbox 425 2082 661 2131; x_wconf 89' lang='lat' dir='ltr'>hominum,</span> <span class='ocrx_word' id='word_1_182' title='bbox 693 2095 807 2122; x_wconf 89' lang='lat' dir='ltr'>nunc</span> <span class='ocrx_word' id='word_1_183' title='bbox 837 2079 951 2121; x_wconf 91' lang='lat' dir='ltr'>bella</span> <span class='ocrx_word' id='word_1_184' title='bbox 981 2084 1138 2134; x_wconf 86' lang='lat' dir='ltr'>gerunt</span> <span class='ocrx_word' id='word_1_185' title='bbox 1171 2078 1361 2119; x_wconf 84' lang='lat' dir='ltr'>uiolenta</span> <span class='ocrx_word' id='word_1_186' title='bbox 1391 2077 1586 2117; x_wconf 85' lang='lat' dir='ltr'>ferarum.</span> 
     </span>
    </p>
   </div>
   <div class='ocr_carea' id='block_1_10' title="bbox 107 2169 1647 2372">
    <p class='ocr_par' dir='ltr' id='par_1_10' title="bbox 107 2169 1647 2372">
     <span class='ocr_line' id='line_1_26' title="bbox 194 2169 1645 2233; baseline -0.009 -13"><span class='ocrx_word' id='word_1_187' title='bbox 194 2178 367 2233; x_wconf 77' lang='lat' dir='ltr'>capiunt</span> <span class='ocrx_word' id='word_1_188' title='bbox 394 2175 538 2217; x_wconf 73' lang='lat' dir='ltr'>saltus.</span> <span class='ocrx_word' id='word_1_189' title='bbox 600 2173 732 2214; x_wconf 87' lang='lat' dir='ltr'>immo</span> <span class='ocrx_word' id='word_1_190' title='bbox 766 2172 950 2228; x_wconf 77' lang='lat' dir='ltr'>Rapizmt</span> <span class='ocrx_word' id='word_1_191' title='bbox 979 2185 1054 2226; x_wconf 89' lang='lat' dir='ltr'>pro</span> <span class='ocrx_word' id='word_1_192' title='bbox 1083 2185 1167 2225; x_wconf 89' lang='lat' dir='ltr'>quo</span> <span class='ocrx_word' id='word_1_193' title='bbox 1198 2169 1373 2224; x_wconf 71' lang='lat' dir='ltr'>capiunt</span> <span class='ocrx_word' id='word_1_194' title='bbox 1400 2172 1645 2209; x_wconf 83' lang='lat' dir='ltr'>constanter</span> 
     </span>
     <span class='ocr_line' id='line_1_27' title="bbox 107 2236 1647 2294; baseline -0.009 -4"><span class='ocrx_word' id='word_1_195' title='bbox 107 2246 272 2290; x_wconf 84' lang='lat' dir='ltr'>librarii</span> <span class='ocrx_word' id='word_1_196' title='bbox 307 2245 352 2287; x_wconf 90' lang='lat' dir='ltr'>in</span> <span class='ocrx_word' id='word_1_197' title='bbox 388 2244 554 2286; x_wconf 88' lang='lat' dir='ltr'>codices</span> <span class='ocrx_word' id='word_1_198' title='bbox 590 2242 794 2283; x_wconf 88' lang='lat' dir='ltr'>inferunt.</span> <span class='ocrx_word' id='word_1_199' title='bbox 856 2240 973 2282; x_wconf 90' lang='lat' dir='ltr'>uocis</span> <span class='ocrx_word' id='word_1_200' title='bbox 1010 2239 1091 2281; x_wconf 89' lang='lat' dir='ltr'>tibi</span> <span class='ocrx_word' id='word_1_201' title='bbox 1128 2238 1325 2294; x_wconf 82' lang='lat' dir='ltr'>exempla</span> <span class='ocrx_word' id='word_1_202' title='bbox 1360 2236 1476 2278; x_wconf 86' lang='lat' dir='ltr'>haud</span> <span class='ocrx_word' id='word_1_203' title='bbox 1512 2250 1647 2291; x_wconf 81' lang='lat' dir='ltr'>pauca</span> 
     </span>
     <span class='ocr_line' id='line_1_28' title="bbox 108 2314 619 2372; baseline -0.014 -11"><span class='ocrx_word' id='word_1_204' title='bbox 108 2318 247 2360; x_wconf 84' lang='lat' dir='ltr'>lexica</span> <span class='ocrx_word' id='word_1_205' title='bbox 267 2314 619 2372; x_wconf 83' lang='lat' dir='ltr'>suppeditabunt.</span> 
     </span>
    </p>
   </div>
   <div class='ocr_carea' id='block_1_11' title="bbox 199 2416 1349 2508">
    <p class='ocr_par' dir='ltr' id='par_1_11' title="bbox 199 2416 1349 2508">
     <span class='ocr_line' id='line_1_29' title="bbox 199 2416 1349 2508; baseline 0.043 -50"><span class='ocrx_word' id='word_1_206' title='bbox 199 2427 250 2458; x_wconf 88' lang='lat' dir='ltr'>IV</span> <span class='ocrx_word' id='word_1_207' title='bbox 282 2416 365 2456; x_wconf 81' lang='lat'>246</span> <span class='ocrx_word' id='word_1_208' title='bbox 388 2428 447 2468; x_wconf 79' lang='lat' dir='ltr'>Sq·</span> <span class='ocrx_word' id='word_1_209' title='bbox 806 2465 987 2508; x_wconf 64' lang='lat' dir='ltr'>scrutari</span> <span class='ocrx_word' id='word_1_210' title='bbox 1017 2479 1141 2507; x_wconf 83' lang='lat' dir='ltr'>caeca</span> <span class='ocrx_word' id='word_1_211' title='bbox 1173 2462 1349 2505; x_wconf 89' lang='lat' dir='ltr'>metalla</span> 
     </span>
    </p>
   </div>
   <div class='ocr_carea' id='block_1_12' title="bbox 286 2530 1348 2596">
    <p class='ocr_par' dir='ltr' id='par_1_12' title="bbox 286 2530 1348 2596">
     <span class='ocr_line' id='line_1_30' title="bbox 286 2530 1348 2596; baseline -0.011 -12"><span class='ocrx_word' id='word_1_212' title='bbox 286 2539 504 2596; x_wconf 78' lang='lat' dir='ltr'>depositas</span> <span class='ocrx_word' id='word_1_213' title='bbox 534 2543 579 2579; x_wconf 89' lang='lat' dir='ltr'>et</span> <span class='ocrx_word' id='word_1_214' title='bbox 609 2551 711 2592; x_wconf 89' lang='lat' dir='ltr'>opes</span> <span class='ocrx_word' id='word_1_215' title='bbox 742 2541 986 2590; x_wconf 87' lang='lat' dir='ltr'>terramque</span> <span class='ocrx_word' id='word_1_216' title='bbox 1017 2547 1194 2575; x_wconf 84' lang='lat' dir='ltr'>exurere</span> <span class='ocrx_word' id='word_1_217' title='bbox 1225 2530 1348 2573; x_wconf 89' lang='lat' dir='ltr'>uenis</span> 
     </span>
    </p>
   </div>
   <div class='ocr_carea' id='block_1_13' title="bbox 116 2621 1654 2826">
    <p class='ocr_par' dir='ltr' id='par_1_13' title="bbox 116 2621 1654 2826">
     <span class='ocr_line' id='line_1_31' title="bbox 202 2621 1650 2689; baseline -0.011 -13"><span class='ocrx_word' id='word_1_218' title='bbox 202 2633 445 2689; x_wconf 88' lang='lat' dir='ltr'>‘depositae</span> <span class='ocrx_word' id='word_1_219' title='bbox 474 2630 597 2686; x_wconf 85' lang='lat' dir='ltr'>opes&#39;</span> <span class='ocrx_word' id='word_1_220' title='bbox 627 2628 732 2684; x_wconf 90' lang='lat' dir='ltr'>quid</span> <span class='ocrx_word' id='word_1_221' title='bbox 761 2627 849 2669; x_wconf 87' lang='lat' dir='ltr'>sint</span> <span class='ocrx_word' id='word_1_222' title='bbox 876 2627 930 2668; x_wconf 82' lang='lat' dir='ltr'>ab</span> <span class='ocrx_word' id='word_1_223' title='bbox 960 2625 1141 2667; x_wconf 89' lang='lat' dir='ltr'>Horatio</span> <span class='ocrx_word' id='word_1_224' title='bbox 1172 2624 1375 2665; x_wconf 89' lang='lat' dir='ltr'>docemur</span> <span class='ocrx_word' id='word_1_225' title='bbox 1402 2621 1532 2663; x_wconf 82' lang='lat' dir='ltr'>Serm.</span> <span class='ocrx_word' id='word_1_226' title='bbox 1566 2632 1580 2662; x_wconf 97' lang='lat'>1</span> <span class='ocrx_word' id='word_1_227' title='bbox 1614 2623 1650 2661; x_wconf 91' lang='lat'>1.</span> 
     </span>
     <span class='ocr_line' id='line_1_32' title="bbox 116 2689 1654 2760; baseline -0.011 -14"><span class='ocrx_word' id='word_1_228' title='bbox 116 2706 169 2746; x_wconf 80' lang='lat'>41</span> <span class='ocrx_word' id='word_1_229' title='bbox 193 2718 251 2760; x_wconf 89' lang='lat' dir='ltr'>sq.</span> <span class='ocrx_word' id='word_1_230' title='bbox 273 2707 282 2722; x_wconf 87' lang='lat'>‘</span> <span class='ocrx_word' id='word_1_231' title='bbox 296 2700 465 2758; x_wconf 88' lang='lat' dir='ltr'>argenti</span> <span class='ocrx_word' id='word_1_232' title='bbox 487 2698 654 2756; x_wconf 88' lang='lat' dir='ltr'>pondus</span> <span class='ocrx_word' id='word_1_233' title='bbox 671 2704 715 2739; x_wconf 87' lang='lat' dir='ltr'>et</span> <span class='ocrx_word' id='word_1_234' title='bbox 731 2696 826 2738; x_wconf 89' lang='lat' dir='ltr'>auri</span> <span class='ocrx_word' id='word_1_235' title='bbox 852 2695 857 2752; x_wconf 90' lang='grc' dir='ltr'>Ι</span> <span class='ocrx_word' id='word_1_236' title='bbox 887 2696 1036 2737; x_wconf 81' lang='lat' dir='ltr'>furtim</span> <span class='ocrx_word' id='word_1_237' title='bbox 1054 2694 1219 2735; x_wconf 87' lang='lat' dir='ltr'>defossa</span> <span class='ocrx_word' id='word_1_238' title='bbox 1235 2691 1437 2733; x_wconf 79' lang='lat' dir='ltr'>timidum</span> <span class='ocrx_word' id='word_1_239' title='bbox 1454 2689 1654 2745; x_wconf 74' lang='lat' dir='ltr'>deponere</span> 
     </span>
     <span class='ocr_line' id='line_1_33' title="bbox 116 2757 1653 2826; baseline -0.012 -10"><span class='ocrx_word' id='word_1_240' title='bbox 116 2771 254 2816; x_wconf 87' lang='lat' dir='ltr'>terra.&#39;</span> <span class='ocrx_word' id='word_1_241' title='bbox 313 2784 471 2826; x_wconf 89' lang='lat' dir='ltr'>repone</span> <span class='ocrx_word' id='word_1_242' title='bbox 493 2767 710 2824; x_wconf 73' lang='lat' dir='ltr'>sepositas,</span> <span class='ocrx_word' id='word_1_243' title='bbox 733 2765 787 2807; x_wconf 87' lang='lat' dir='ltr'>ab</span> <span class='ocrx_word' id='word_1_244' title='bbox 809 2765 901 2820; x_wconf 88' lang='lat' dir='ltr'>ipsa</span> <span class='ocrx_word' id='word_1_245' title='bbox 928 2770 1085 2805; x_wconf 83' lang='lat' dir='ltr'>natura</span> <span class='ocrx_word' id='word_1_246' title='bbox 1113 2766 1307 2803; x_wconf 86' lang='lat' dir='ltr'>remotas.</span> <span class='ocrx_word' id='word_1_247' title='bbox 1375 2759 1433 2800; x_wconf 79' lang='lat' dir='ltr'>sic</span> <span class='ocrx_word' id='word_1_248' title='bbox 1463 2757 1653 2813; x_wconf 81' lang='lat' dir='ltr'>‘sepositi</span> 
     </span>
    </p>
   </div>
   <div class='ocr_carea' id='block_1_14' title="bbox 119 2871 1654 2980">
    <p class='ocr_par' dir='ltr' id='par_1_14' title="bbox 119 2871 1654 2980">
     <span class='ocr_line' id='line_1_34' title="bbox 183 2871 1654 2917; baseline -0.012 0"><span class='ocrx_word' id='word_1_249' title='bbox 183 2884 196 2905; x_wconf 90' lang='lat'>¹</span> <span class='ocrx_word' id='word_1_250' title='bbox 220 2886 320 2917; x_wconf 78' lang='lat' dir='ltr'><em>bonas</em></span> <span class='ocrx_word' id='word_1_251' title='bbox 345 2888 381 2915; x_wconf 80' lang='lat' dir='ltr'>ut</span> <span class='ocrx_word' id='word_1_252' title='bbox 405 2879 622 2914; x_wconf 75' lang='lat' dir='ltr'>Matritensis</span> <span class='ocrx_word' id='word_1_253' title='bbox 644 2881 689 2916; x_wconf 87' lang='lat' dir='ltr'>et,</span> <span class='ocrx_word' id='word_1_254' title='bbox 707 2877 736 2909; x_wconf 84' lang='lat' dir='ltr'>si</span> <span class='ocrx_word' id='word_1_255' title='bbox 760 2877 845 2909; x_wconf 83' lang='lat' dir='ltr'>fides</span> <span class='ocrx_word' id='word_1_256' title='bbox 862 2876 996 2912; x_wconf 78' lang='lat' dir='ltr'>Iacobo,</span> <span class='ocrx_word' id='word_1_257' title='bbox 1013 2886 1033 2907; x_wconf 79' lang='lat' dir='ltr'>a</span> <span class='ocrx_word' id='word_1_258' title='bbox 1048 2874 1160 2915; x_wconf 77' lang='lat' dir='ltr'>prima</span> <span class='ocrx_word' id='word_1_259' title='bbox 1179 2883 1286 2905; x_wconf 82' lang='lat' dir='ltr'>manu</span> <span class='ocrx_word' id='word_1_260' title='bbox 1305 2872 1494 2904; x_wconf 81' lang='lat' dir='ltr'>Vossianus</span> <span class='ocrx_word' id='word_1_261' title='bbox 1517 2871 1612 2907; x_wconf 78' lang='lat' dir='ltr'>alter,</span> <span class='ocrx_word' id='word_1_262' title='bbox 1636 2881 1654 2901; x_wconf 83' lang='lat' dir='ltr'>n</span> 
     </span>
     <span class='ocr_line' id='line_1_35' title="bbox 119 2938 383 2980; baseline -0.011 -8"><span class='ocrx_word' id='word_1_263' title='bbox 119 2949 202 2972; x_wconf 86' lang='lat' dir='ltr'>uero</span> <span class='ocrx_word' id='word_1_264' title='bbox 217 2938 383 2980; x_wconf 86' lang='lat' dir='ltr'>proxime.</span> 
     </span>
    </p>
   </div>
  </div>
 </body>
</html>
